2045 3466
602 89 820 124 GAPvT
873 92 942 127 v1.
1600 105 1674 138 427

24 182 41 213 5
100 153 250 217 Popule
266 153 338 208 mi,
357 151 566 199 recordare
577 172 688 200 nunc
707 156 790 215 (vel
797 153 958 221 obsecro,
975 158 1035 203 cfr
1047 158 1168 203 eadem
1177 162 1371 221 particula)
1393 160 1497 228 quid
1511 162 1670 227 cogita-

54 222 155 268 uerit
180 222 304 268 Bal-„ik
328 231 414 269 Rex
439 223 564 268 Moab
581 260 591 276 ,
619 231 662 269 ὃς
689 224 792 289 quid
822 223 1073 290 responderit
1096 226 1131 272 ei
1151 227 1311 275 Balaam
1332 232 1530 291 (Bileam)
1564 216 1671 277 lilius

84 309 154 336 eor
171 310 180 335 :
199 287 221 335 a
237 291 369 337 Sittim
384 290 508 356 Vsque
524 289 578 336 ad
593 290 724 359 Gilgal
734 328 745 347 ,
759 309 801 342 vt
816 297 1075 360 cognosceres
1093 299 1109 357 (
1124 296 1182 341 vel
1191 298 1369 362 cognoscas
1385 303 1400 360 )
1416 298 1541 346 iustiti
1557 320 1597 347 as
1609 307 1669 347 Ie-

50 359 184 406 houae.

146 459 212 492 Hic
219 455 358 491 breuiter
370 458 462 492 etiam
475 468 705 492 commemorat
716 457 805 492 Deus
814 459 891 504 quid
901 460 933 492 in
946 460 1069 495 deserto
1076 460 1238 500 acciderit,
1253 469 1374 507 vtopus
1385 460 1481 495 fuerit
1491 463 1666 497 extraordi-

50 509 140 542 nario
150 508 267 541 auxilio
276 517 388 554 praeter
398 506 504 539 totilla
515 504 753 552 beneficia,quae
763 509 823 540 iam
836 520 865 540 in
877 509 1028 554 populum
1043 510 1321 544 contulerat.Nam
1332 511 1465 554 quanuis
1476 510 1581 545 secure
1593 524 1667 558 age-

50 568 95 591 ret
107 557 240 604 populus
249 558 282 589 in
295 556 586 599 deserto,quantum
599 556 712 588 attinet
723 558 760 588 ad
773 557 797 587 A
806 556 1107 602 Egyptios,quanuis
1116 559 1291 605 pasceretur
1303 559 1442 604 nidi-im&
1453 557 1621 605 proflueret
1633 573 1667 593 e-

51 607 125 639 tiam
135 617 259 650 aquaex
270 616 358 650 rupe,
372 604 504 648 quanuis
512 601 610 636 nubes
621 604 756 637 interdiu
768 605 866 650 iprum
878 603 896 638 ὲ
907 605 1009 638 calore
1019 606 1092 639 solis
1102 617 1280 653 protegeret
1289 633 1297 648 ‚
1310 608 1425 641 deinde
1436 608 1530 641 noem
1543 607 1668 641 colum-

50 667 89 688 na
100 651 320 701 ignis‘luceret:
335 663 438 685 tamen
449 652 554 697 potuit
563 653 664 685 cursus
674 653 897 687 misericordia:
916 653 981 687 Dei
991 655 1090 689 videri
1101 654 1251 701 abruptus
1262 668 1372 700 ,quum
1383 655 1532 702 processit
1540 657 1667 689 Balaam

50 704 82 736 in
94 701 307 746 medium,qui
317 703 347 733 &
363 700 522 747 Propheta
536 704 647 736 eran&
658 712 733 734 tunc
744 700 831 746 quasi
841 701 1018 737 coelestibus
1027 705 1120 736 armis
1129 703 1292 736 instruetus
1301 703 1460 751 pugnabat
1470 716 1579 738 contra
1588 705 1667 739 salu—

50 762 113 785 tem
123 749 311 798 populi.lam
323 748 343 781 fi
352 748 456 795 passus
466 745 567 781 fuisset
586 750 671 783 Deus
683 750 808 783 Balaam
820 751 1006 786 maledicere
1016 752 1138 800 populo
1149 778 1158 790 ‚
1169 753 1247 797 quid
1257 750 1398 786 futurum
1410 765 1489 793 erat,
1498 753 1553 787 nisi
1565 765 1598 788 vt
1608 755 1667 788 de-

49 800 225 834 stitueretur
235 797 386 831 omnibus
400 795 570 831 beneficiis?
584 798 660 831 Haec
671 799 753 832 ratio
763 798 873 838 est,cur
884 798 1044 848 Propheta
1054 801 1250 849 peculiariter
1259 800 1443 847 perstringat
1452 802 1615 836 historiam
1628 802 1668 836 il-

50 845 220 892 lam‚quod
232 847 349 880 scilieet
358 846 534 891 maledjfiio
547 846 673 880 Balaam
684 846 866 882 mirabiliter
877 849 1027 883 conuersa
1037 848 1130 884 fuerit
1139 851 1171 882 in
1180 848 1566 896 bened-iffionemmempe
1576 863 1664 885 arca·

48 909 93 930 no
104 896 170 930 Dei
181 890 455 929 consiliapoterh'i
464 896 593 940 quidem
606 895 755 930 Michaeas
762 908 872 930 omnes
882 897 936 930 hic
947 897 1059 944 species
1069 897 1229 935 referre‚in
1242 897 1356 944 quibus
1366 897 1490 932 tenebat
1504 899 1593 933 Deus
1601 913 1666 934 con

49 946 166 979 uistum
178 944 330 992 populum
346 944 578 991 ingratitudinis
588 970 596 984 ,
608 943 657 978 sed
667 944 734 978 satis
750 943 858 978 habuit
867 945 1074 994 perstringere
1084 947 1237 980 summam
1250 948 1493 994 redemptionis:
1503 948 1664 981 deindee-

47 995 124 1028 tiam
135 993 199 1027 hoc
207 993 487 1026 extraordinarium
500 992 564 1026 Dei
573 991 763 1027 beneficium
771 992 875 1027 obiter
883 1004 1004 1030 notare.
1018 994 1378 1044 Qcordare‚inquit,quid
1382 998 1543 1043 cogitauerit
1554 997 1658 1038 Balak,

47 1043 110 1076 hoc
118 1040 271 1088 est,qu=1m
281 1040 417 1075 astutum
428 1040 524 1075 fuerit
534 1040 699 1075 confilium
713 1042 892 1077 Balaranam
904 1042 1036 1078 verbum
1045 1045 1125 1079 istud
1133 1052 1183 1082 vn*
1193 1045 1271 1092 saepe
1279 1047 1428 1091 accipitur
1437 1045 1468 1077 in
1479 1045 1660 1083 malam,vel

47 1092 80 1125 in
89 1090 239 1124 sinistram
251 1091 379 1136 partEv&
389 1089 625 1137 hicemphatice
635 1090 863 1137 poniturtquafi
872 1092 988 1126 diceret
1000 1091 1159 1140 Propheta
1169 1093 1236 1140 plus
1245 1091 1334 1126 fuisse
1344 1093 1472 1140 periculi
1482 1094 1513 1126 in
1525 1093 1582 1126 hac
1593 1092 1661 1128 frau

48 1142 88 1174 de
99 1139 194 1185 qudm
204 1141 237 1173 in
246 1151 335 1173 omni
344 1138 482 1173 hostium
495 1138 759 1184 violenti;1.neque
767 1140 851 1172 enirn
861 1141 956 1186 vsque
967 1141 1049 1175 adeo
1059 1154 1171 1176 nocere
1180 1142 1286 1189 potuit
1301 1141 1534 1183 B;1lak,ctiamfi
1543 1142 1662 1176 armas-

49 1187 90 1224 set
98 1190 257 1236 ingentem
269 1189 438 1222 exercitum
448 1198 558 1221 contra
570 1186 822 1229 Israelitas,sicuti
831 1200 929 1232 quum
940 1191 1083 1224 mercede
1092 1191 1244 1224 conduxit
1260 1190 1473 1237 Prophetam,
1485 1201 1519 1224 vt
1529 1191 1661 1225 maledi-

50 1248 134 1273 ceret
142 1237 293 1285 populum
306 1264 314 1271 .
353 1236 487 1270 Certum
500 1237 582 1269 enim
594 1236 637 1270 est
649 1262 658 1277 ‚
671 1235 790 1270 etiamst
809 1236 934 1270 Balaam
944 1236 1037 1271 fuerit
1052 1238 1209 1286 impostor
1221 1265 1229 1278 ,
1240 1242 1272 1272 &
1288 1238 1395 1286 plenus
1404 1239 1510 1273 multis
1521 1239 1661 1282 fallaciis,

50 1287 140 1321 sicuti
150 1284 313 1334 probabile
322 1285 365 1319 est
375 1282 465 1318 fuisse
473 1284 637 1319 hominem
648 1285 838 1332 implicitum
853 1283 994 1332 profanis
1007 1285 1290 1333 superstitionibus:
1302 1298 1406 1322 tamen
1417 1287 1557 1335 pollebat
1572 1290 1662 1323 douo

50 1335 227 1383 prophetiae
235 1361 242 1369 .
274 1336 348 1369 Hoc
356 1333 451 1369 debet
459 1331 519 1368 effe
530 1344 613 1368 extra
623 1332 870 1368 controuersiam
881 1359 888 1368 .
902 1337 933 1368 ἃ
944 1334 1056 1368 scimus
1070 1335 1177 1368 Deum
1186 1335 1265 1379 saepe
1273 1335 1313 1371 fic
1322 1336 1511 1371 distribuisse
1522 1337 1662 1385 Spiritus

14 1418 17 1420 .
50 1386 96 1420 sui
105 1386 188 1419 dona
199 1410 208 1425 ,
220 1395 253 1418 vt
260 1384 455 1432 prophetico
464 1395 596 1417 munere
603 1393 730 1418 ornaret
737 1383 832 1417 etiam
841 1383 960 1427 impios
968 1386 999 1416 δι
1009 1384 1196 1418 incredulos.
1208 1385 1282 1418 Fuit
1291 1386 1374 1419 enim
1386 1385 1449 1420 hoc
1459 1385 1588 1434 speciale
1602 1388 1666 1421 do-

51 1446 140 1474 num,
150 1435 236 1480 quod
248 1432 488 1481 potestseparari
497 1430 515 1466 a
523 1435 621 1480 gratia
630 1432 881 1480 regenerationis·
892 1431 1014 1466 Bileam
1025 1445 1101 1480 ergo
1110 1431 1171 1467 fuit
1181 1432 1342 1481 Propheta
1352 1460 1359 1467 .
1375 1433 1443 1468 Iam
1450 1447 1554 1482 quum
1566 1436 1665 1470 Balak

51 1483 175 1518 videtse
188 1484 340 1529 imparem
358 1479 418 1516 esse
427 1481 547 1516 viribus
556 1492 665 1516 contra
678 1482 831 1529 populum
844 1507 853 1523 ,
865 1481 928 1515 hoc
944 1482 1120 1516 remedium
1128 1483 1284 1530 excogitat
1293 1508 1302 1524 ‚
1315 1493 1348 1517 vt
1363 1483 1477 1518 scilicet
1498 1484 1662 1533 Propheta

50 1532 202 1582 quispiam
210 1531 410 1579 interpositus
418 1541 577 1578 prouocet
587 1530 633 1565 iri
644 1532 708 1565 Dei
717 1540 828 1565 contra
839 1529 971 1577 populfi.
984 1531 1062 1565 Haec
1071 1532 1155 1566 ratio
1165 1531 1207 1566 est
1216 1544 1270 1566 cur
1283 1532 1377 1573 dicat,
1386 1533 1570 1569 Recordare
1581 1535 1662 1580 quid

50 1595 111 1617 con
117 1581 274 1616 sultauerit
282 1591 392 1615 contra
401 1591 431 1614 te
442 1580 538 1613 Balak
546 1605 558 1619 ,
568 1580 629 1614 hoc
638 1580 682 1614 est
693 1606 701 1621 ‚
712 1590 745 1614 tu
754 1578 839 1614 fuisti
851 1590 924 1614 tunc
933 1580 966 1612 in
976 1580 1089 1614 vltimo
1097 1580 1277 1615 discrimine
1286 1606 1297 1621 ,
1307 1581 1361 1615 vbi
1371 1580 1486 1616 scilicet
1495 1582 1661 1630 Propheta

50 1633 196 1666 mercede
207 1630 378 1664 εοηάυᾶυς
390 1630 548 1675 venit‚qui
558 1629 622 1663 Dei
630 1628 724 1676 ipfius
732 1629 864 1663 nomine
874 1627 932 1662 tibi
942 1628 1221 1663 malediceret.1am
1231 1631 1434 1676 quaeritur,an
1446 1635 1584 1679 potuerit
1598 1634 1662 1666 Ba-

51 1674 131 1715 laam
141 1675 308 1713 efficaciter
315 1678 500 1712 maledicere
509 1678 664 1725 populum
678 1676 778 1712 Israel:
789 1675 947 1723 responfio
957 1676 1042 1710 estin
1052 1689 1215 1726 promptu,
1226 1677 1279 1712 hsc
1288 1691 1354 1713 non
1363 1678 1422 1713 effe
1431 1679 1659 1727 disputandum

52 1729 152 1776 qualis
162 1728 300 1776 potuerit
310 1726 369 1761 effe
380 1723 520 1761 efficacia
530 1727 615 1761 vocis
623 1753 633 1767 ,
644 1725 700 1760 nifi
718 1727 781 1761 Dei
792 1723 939 1774 permissu
948 1726 1014 1760 ,sed
1025 1726 1173 1761 Michaeas
1186 1727 1239 1762 hic
1248 1729 1372 1775 respicit
1380 1741 1449 1774 quo
1457 1741 1586 1764 munere
1603 1742 1661 1764 or-

52 1788 142 1813 natus
151 1781 180 1810 &
190 1777 337 1824 praeditus
345 1775 438 1809 fuerit
448 1775 573 1809 Balaam
582 1800 590 1808 .
602 1775 715 1820 Qum
725 1787 800 1822 ergo
807 1772 882 1809 esset
892 1773 1053 1822 Propheta
1064 1775 1142 1818 Dei,
1153 1777 1259 1823 potuit
1268 1777 1453 1812 maledicere
1464 1779 1598 1825 populo,
1610 1779 1661 1819 ni-

53 1827 76 1862 si
89 1827 176 1860 Deus
185 1825 272 1858 illum
284 1820 472 1858 cohibuisset
482 1847 490 1856 .
516 1824 557 1857 Et
568 1823 780 1872 proculdubio
788 1822 876 1858 acute
884 1823 948 1858 hoc
963 1823 1173 1859 considerauit
1191 1825 1287 1860 Balak
1297 1850 1308 1865 ‚
1323 1838 1389 1860 non
1398 1826 1487 1874 poffe
1498 1827 1605 1873 repelli
1615 1824 1662 1860 Is-

46 1874 224 1910 'ffielitieum
236 1873 392 1921 populum
402 1873 545 1907 humanis
556 1872 691 1907 Viribus:
704 1872 886 1920 nihiligitur
900 1870 960 1906 effe
969 1872 1124 1907 residuum
1134 1898 1143 1913 ‚
1154 1873 1211 1907 nisi
1222 1884 1253 1907 vt
1263 1874 1353 1908 Deus
1362 1875 1420 1909 sese
1430 1877 1660 1922 interponerem

53 1926 128 1971 quia
136 1936 201 1957 non
209 1932 332 1970 poterat
342 1922 451 1957 Deum
460 1921 477 1955 ὲ
485 1922 568 1956 eoelo
577 1922 688 1956 elicere
702 1948 711 1963 ‚
721 1922 795 1956 ideo
803 1920 926 1955 accessit
934 1922 973 1956 ad
986 1920 1177 1969 prophetam
1188 1949 1195 1957 .
1208 1923 1298 1957 Deus
1313 1925 1397 1956 enim
1412 1925 1562 1960 virtutem
1571 1925 1659 1960 suam

55 1974 151 2008 exerit
164 1973 197 2005 in
206 1971 307 2006 verbo
325 1970 378 2004 suo
389 1998 396 2005 .
409 1971 524 2017 Qum
534 1970 667 2005 verbum
677 1971 741 2005 Dei
751 1969 897 2004 resideret
905 1971 936 2003 in
949 1971 1068 2005 Bileam
1079 1998 1087 2011 ,
1097 1981 1191 2018 atque
1201 1970 1333 2006 effetille
1342 1971 1428 2018 quafi
1440 1973 1659 2020 depositarius,

55 2034 123 2056 non
134 2021 249 2054 mirum
259 2019 302 2054 est
316 2018 337 2052 si
349 2019 445 2055 Balak
457 2029 581 2066 putaret
589 2019 618 2053 se
634 2021 784 2054 merorem
792 2017 861 2053 fore
870 2020 982 2066 populi
992 2020 1095 2062 lsrael,
1108 2019 1209 2054 modo
1216 2032 1271 2054 ore
1287 2021 1408 2055 Bileam
1418 2021 1662 2057 malediceretur

56 2069 287 2118 populuszquia
299 2068 430 2102 hocerat
447 2067 533 2113 quasi
547 2069 744 2115 praeeonium
760 2069 813 2102 irae
826 2068 907 2102 Dei.
918 2069 984 2102 Iam
1000 2067 1125 2103 subiicit
1134 2068 1267 2117 ,Qquid
1278 2068 1486 2116 responderim
1504 2072 1663 2115 Bileamfi-

55 2120 111 2156 lius
128 2117 266 2153 Beorfflb
277 2129 336 2151 vna
346 2127 432 2165 parte
447 2116 501 2151 hic
511 2117 687 2151 ostenditur
694 2116 867 2165 periculum
878 2142 888 2158 ‚
901 2116 989 2163 quod
999 2117 1116 2152 scilicet
1124 2118 1267 2154 callidior
1275 2117 1369 2152 fuerit
1381 2119 1492 2161 Balak,
1502 2119 1598 2166 quam
1608 2122 1662 2154 alii

56 2179 168 2202 omnes
175 2166 284 2213 populi
292 2166 412 2200 inimici
421 2190 429 2199 .
437 2178 509 2199 nam
517 2165 575 2200 illo
585 2164 720 2200 artificio
736 2169 840 2213 potuit
848 2165 916 2214 plus
923 2165 1039 2212 assequi
1048 2192 1058 2208 ‚
1068 2167 1163 2213 quam
1177 2166 1199 2200 si
1217 2177 1321 2201 totum
1337 2169 1493 2202 mundum
1503 2168 1659 2204 armasset.

57 2215 124 2251 Hi'c
133 2227 208 2263 ergo
217 2225 344 2262 apparet
352 2213 599 2249 discrimenJam
608 2214 648 2248 ab
656 2214 749 2249 altera
758 2212 971 2262 p'arte,scimus
978 2216 1054 2261 quid
1063 2215 1410 2263 responderit.Certum
1423 2217 1467 2252 est
1476 2216 1659 2266 responsum

59 2265 178 2300 Bileam
189 2276 253 2297 non
263 2261 350 2297 fuiffe
367 2261 543 2310 profectum
551 2262 665 2310 abipso
677 2290 684 2305 ‚
695 2265 745 2297 sed
755 2264 858 2311 potius
868 2262 886 2298 a.
897 2264 1015 2311 Spiritu
1025 2264 1107 2298 Dei.
1118 2265 1285 2309 Qoniain
1309 2266 1436 2301 Balaam
1445 2279 1561 2302 arcano
1571 2269 1664 2314 lpiri-

58 2325 106 2349 tus
117 2312 260 2346 instinau
267 2312 416 2357 loquutus
425 2311 467 2346 est
476 2322 586 2360 praeter
594 2313 692 2346 animi
700 2312 747 2346 sui
755 2312 942 2346 sententiam
951 2338 962 2352 ,
972 2313 1046 2347 ideo
1054 2313 1191 2347 ostendit
1204 2314 1293 2360 Deus
1302 2316 1331 2349 se
1349 2313 1480 2350 adfuisse
1490 2330 1522 2350 in
1535 2316 1600 2364 ipso
1609 2329 1660 2351 ar-

57 2361 167 2403 ticulo,
176 2373 273 2407 quum
284 2360 396 2394 scilicet
405 2360 633 2408 periclitaretur
642 2360 834 2408 populisalus
844 2387 851 2395 .
890 2363 1010 2409 Cogita
1021 2363 1127 2409 igitur,
1139 2363 1188 2397 vel
1198 2361 1376 2406 recordare,
1386 2367 1463 2410 quid
1475 2366 1596 2399 Bileam
1605 2378 1657 2400 re-

58 2411 218 2459 sponderit
225 2436 235 2452 ‚
242 2408 328 2455 quasi
335 2410 451 2444 diceret
459 2435 470 2452 ,
478 2409 556 2443 nihil
563 2407 628 2444 fere
637 2409 739 2444 abfuit
748 2436 756 2451 ‚
766 2410 844 2454 quin
855 2409 979 2444 Balaam
989 2409 1047 2444 tibi
1057 2411 1256 2446 malediceret
1267 2439 1275 2448 .
1292 2425 1364 2448 nam
1374 2425 1411 2447 os
1420 2416 1485 2448 eius
1494 2426 1558 2448 erat
1567 2427 1660 2461 aper-

57 2459 335 2494 tum.·Vendiderat
344 2459 430 2492 enim
438 2470 568 2506 operam
579 2459 662 2492 suam
673 2459 774 2506 impio
786 2459 912 2506 Regit&
923 2459 1000 2492 nihil
1009 2462 1105 2507 magis
1112 2460 1256 2508 optasset,
1266 2461 1360 2508 quam
1372 2462 1567 2510 profundere
1576 2463 1661 2497 mul-

58 2519 90 2544 ta
97 2508 290 2542 anathemata
299 2533 307 2547 ‚
317 2510 348 2540 δι
356 2507 468 2541 multas
478 2506 713 2541 malediaiones
722 2530 730 2539 ·
738 2509 822 2554 atqui
832 2509 955 2542 coaetus
964 2507 1008 2542 est
1025 2508 1212 2553 benedicere
1222 2509 1366 2544 Patribus
1377 2511 1497 2545 vestris:
1508 2512 1660 2557 quidhoc

59 2556 118 2591 fibi
135 2544 277 2591 vEl'e'l'sat?
287 2553 409 2590 Nonne
425 2555 489 2590 illic
505 2554 622 2590 refulsit
637 2555 826 2590 admirabilis
845 2557 910 2591 Dei
927 2559 1042 2604 gratia?
1053 2550 1137 2593 nu—n‘c
1154 2571 1230 2606 ergo
1245 2569 1386 2593 tenemus
1401 2559 1564 2594 confilium
1578 2559 1660 2593 Pro-

61 2605 209 2652 phetae‚&
217 2615 334 2651 quanta
345 2603 383 2638 fit
392 2603 595 2652 amplificatio
603 2606 637 2638 in
646 2604 693 2638 his
702 2604 804 2639 verbis
815 2632 822 2640 .
837 2605 950 2640 Postea
960 2608 1144 2654 generaliter
1152 2609 1242 2641 addit
1251 2633 1262 2648 ,
1272 2606 1291 2641 a*
1306 2610 1407 2643 sittim
1413 2608 1498 2656 'risque
1506 2607 1548 2642 ad
1555 2609 1661 2657 Gilgal.

63 2654 138 2688 Hoc
148 2666 215 2687 non
225 2653 361 2687 cohaeret
370 2665 442 2687 cum
452 2654 599 2699 proximo
607 2652 867 2700 membro.neque
877 2657 960 2690 enim
973 2656 1093 2690 Bileam
1103 2655 1121 2691 ὲ
1130 2656 1234 2691 Sittim
1249 2656 1344 2703 vsque
1353 2659 1393 2691 ad
1404 2657 1511 2705 Gilgal
1521 2660 1658 2691 comita-

61 2712 109 2737 tus
117 2702 160 2736 est
169 2702 320 2750 populum
330 2702 397 2735 :sed
406 2701 655 2736 subaudiendum
663 2702 707 2736 est
717 2703 846 2737 verbum
857 2716 864 2737 z
874 2703 960 2750 quasi
970 2706 1088 2738 diceret
1097 2731 1106 2746 ,
1134 2705 1200 2739 Scis
1209 2717 1279 2749 quae
1294 2707 1488 2754 contigerint
1498 2706 1555 2741 tibi
1564 2706 1582 2741 ὁ.
1597 2708 1661 2741 Sit-

62 2752 119 2785 tim
128 2751 220 2797 vsque
228 2750 266 2785 ad
290 2750 410 2798 Girgal,
421 2750 483 2784 hoc
492 2750 548 2791 est,
558 2750 599 2786 ab
610 2752 705 2785 initio
714 2751 807 2798 vsque
816 2754 854 2786 ad
863 2752 961 2787 finem
970 2766 978 2787 2
987 2766 1023 2787 ex
1031 2766 1097 2799 quo
1106 2752 1255 2800 ingressus
1264 2767 1295 2788 es
1304 2754 1472 2796 desertum,
1481 2755 1602 2803 coepisti
1611 2757 1660 2790 in-

62 2800 180 2834 detunc
188 2811 362 2847 prouocare
372 2800 450 2833 iram
458 2799 658 2834 Dei.Scimus
670 2801 753 2834 enim
764 2803 868 2835 iamin
878 2801 979 2836 Sittim
990 2802 1149 2851 prolapsos
1160 2801 1248 2837 fuisse
1262 2803 1378 2845 Iudeos
1386 2806 1423 2838 ad
1433 2805 1660 2851 idolssulgtrijim.

67 2847 122 2881 Illa
129 2849 221 2895 igitur
229 2845 364 2881 defeffio
373 2849 617 2892 quodammodo
626 2850 813 2883 alienauerat
820 2851 901 2898 ipsos
910 2850 928 2885 ὲ
941 2851 1025 2885 Deo.
1036 2851 1121 2899 Ergo
1129 2852 1182 2886 hic
1190 2852 1327 2886 ostendit
1340 2853 1428 2888 Deus
1437 2854 1465 2887 se
1476 2853 1616 2887 bonitate
1627 2857 1659 2887 δε

66 2896 271 2930 misericordia
279 2895 405 2931 certasse
415 2910 488 2931 cum
501 2898 609 2945 impiis
619 2898 730 2946 populi
741 2899 881 2934 moribus
890 2900 985 2946 vsque
993 2902 1033 2934 ad
1045 2900 1163 2948 Gilgal,
1172 2900 1233 2935 hoc
1244 2901 1297 2939 est,
1315 2903 1369 2935 Tu
1378 2915 1445 2936 non
1454 2900 1568 2936 celsasti
1579 2928 1586 2935 .
1596 2903 1664 2936 Sci-

67 2945 222 2979 musenim
232 2947 358 2990 quoties
366 2946 444 2980 iram
455 2947 522 2980 Dei
529 2945 788 2981 fibiaccersmerit
805 2949 942 2996 populus
949 2949 999 2983 ille
1008 2975 1017 2992 ‚
1028 2953 1059 2983 ἀ
1068 2948 1163 2996 quam
1175 2950 1281 2985 multae
1298 2949 1453 2985 fuerint&
1472 2955 1566 2985 varia:
1574 2950 1664 2985 defe-

67 2992 197 3029 ἂιοηεε,
223 2994 415 3028 summatim
424 2996 519 3042 igitur
526 2995 661 3030 ostendit
672 2995 834 3043 Propheta
850 2998 960 3032 Deum
972 3007 1034 3032 tam
1047 2999 1216 3033 clementer
1230 2997 1323 3047 egiffe
1332 3012 1403 3035 cum
1413 3000 1534 3047 populo
1545 2999 1619 3039 suo,
1629 3010 1663 3034 vt

66 3044 159 3088 Vsque
165 3043 204 3079 ad
214 3043 402 3079 miraculum
413 3045 524 3080 vicerit
531 3045 595 3081 eius
602 3044 753 3080 malitiam
763 3044 905 3081 bonitate
914 3046 977 3082 ssia-
984 3047 1134 3082 Tandem
1142 3047 1279 3092 subiicit,
1289 3060 1324 3083 iat
1332 3048 1469 3097 cognoscas
1477 3049 1601 3084 iuflitias
1613 3055 1664 3095 leg

1695 677 1838 704 Numenzz.
