2045 3466
737 84 967 123 CAPV-'r
1014 86 1073 121 11.
1660 108 1719 142 203

113 145 199 192 pulus
214 157 292 179 meus
307 142 483 190 infimum·
504 143 570 179 Hic
585 143 677 179 tacite
688 145 857 192 exprobrat
880 146 992 182 Iudaeis
1006 147 1194 195 superiorem
1210 150 1417 198 ignominiam
1431 179 1440 188 .
1464 154 1609 190 Iacebant
1623 159 1708 191 enim

117 192 238 227 confusi
248 192 382 232 ‚etiamsi
396 192 501 227 hostes
515 194 620 239 digito
631 193 702 227 illos
717 206 783 228 non
799 196 986 243 attingerent
996 221 1006 237 ,
1017 196 1234 233 moriebantur
1251 199 1350 235 fame:
1363 206 1424 238 iarn
1442 202 1536 236 hostis
1553 206 1709 239 accin&us

116 241 466 287 erat,quemadmodum
477 242 614 275 vidimus
621 243 659 275 ad
671 253 724 276 eos
738 243 917 289 perdendos
926 270 934 276 .
943 244 1041 278 Erant
1051 247 1145 292 igitur
1153 246 1342 294 expauefatfti
1356 262 1440 285 metu
1451 253 1580 286 :deinde
1590 252 1706 286 confu-

117 288 139 322 si
156 290 215 324 suis
222 290 311 323 malis
320 287 454 333 ‚quibus
463 288 641 335 Deusipsos
655 288 721 323 fere
735 291 913 324 attriuerar.
927 292 961 325 N
964 304 1025 326 une
1039 294 1118 326 dicit
1130 293 1287 339 Propheta
1299 323 1308 336 ‚
1324 300 1449 344 *Populus
1464 312 1542 333 meus
1550 314 1604 334 non
1614 299 1705 347 pude-

106 337 166 382 fiet
173 342 204 373 in
211 339 348 384 seculum:
359 337 419 370 hoc
426 336 469 369 est
478 361 487 377 ‚
498 337 586 371 Deus
594 339 720 371 tandem
728 339 942 372 incommodis
949 340 1100 375 omnibus
1108 343 1264 390 populum
1280 345 1371 378 suum
1379 347 1494 381 leuabit
1507 374 1516 390 ,
1527 359 1562 384 vt
1570 360 1634 382 non
1645 361 1706 397 pu.

116 385 497 432 defiat,quemadmodum
509 385 664 420 haetenus.
680 387 827 420 Tandem
838 386 972 421 subiicit:

62 471 104 504 27
185 466 234 506 Et
244 458 491 526 cognoscetis
503 494 514 513 ,
525 458 620 525 quia
629 458 672 505 in
689 457 831 505 medio
844 458 957 506 Israel
969 480 1061 528 ego,
1072 470 1113 509 δε
1128 481 1206 530 ego
1217 464 1368 511 Iehoua
1381 473 1486 513 Deus
1501 468 1629 517 vester
1639 506 1649 525 ‚
1661 477 1706 517 δέ

116 527 251 575 nullus
265 535 514 593 praetereat&
527 545 613 573 non
624 526 807 592 pudefiet
822 529 997 593 populus
1012 549 1126 577 meus
1140 532 1183 577 in
1195 531 1381 580 seculum.

189 596 332 630 Eandem
343 597 524 630 sententiam
534 600 661 642 repetit.
681 595 828 642 Explicat
838 607 942 629 autem
958 598 1051 631 initio
1064 600 1164 632 versus
1175 602 1260 645 quod
1272 604 1358 648 prius
1371 603 1453 643 dixi,
1463 603 1522 637 tale
1533 603 1648 638 scilicet
1657 604 1710 639 fo-

115 657 148 679 re
168 644 414 685 miraculum‚vt
431 643 583 691 populum
600 654 726 690 cogeret
739 645 778 677 ad
797 643 863 678 Dei
879 644 1000 687 laudm,
1019 647 1207 693 (agnoscetis,
1218 649 1338 694 inquit,
1351 650 1427 698 quod
1439 664 1485 699 ego
1507 652 1562 692 ficm
1576 656 1606 687 in
1622 652 1710 687 medio

115 694 237 734 Ifiuelis.
255 694 330 726 Hoc
340 702 443 725 autem
461 691 574 725 fadum
584 691 627 725 est
639 718 646 731 ‚
661 694 732 736 quia
746 692 835 726 Deus
842 705 908 726 non
920 693 1038 740 vulgari
1049 697 1149 729 modo
1165 695 1248 729 suam
1260 697 1434 733 bonitatem
1448 693 1517 747 erga
1528 703 1608 746 ipsos
1616 714 1712 735 mon-

112 742 219 777 strauit
227 767 238 781 ‚
248 745 278 774 ἃ
289 741 454 788 praesertim
461 741 535 786 quia
545 741 728 787 praedictum
747 739 808 774 hoc
817 739 916 774 fuerat
926 753 933 773 :
943 743 1058 776 deinde
1068 744 1141 789 quia
1151 745 1243 777 etiam
1253 747 1338 779 causti
1356 745 1455 781 fuerat
1463 750 1593 783 adducia
1603 775 1611 787 ‚
1621 749 1711 795 quod

112 791 233 825 scilieet
243 790 332 824 Deus
339 801 462 822 memor
471 785 546 821 effer
553 789 598 821 sui
607 787 865 823 foederis-Modus
874 802 952 837 ergo
961 791 1073 837 agendi
1085 792 1215 826 :deinde
1230 795 1292 839 ipsa
1305 796 1466 840 praedicho
1475 809 1540 832 non
1552 798 1710 838 relinque-

113 838 189 873 bant
197 837 293 872 vllnm
302 838 490 884 ignorantiae
505 847 687 884 praetextum
701 836 824 884 populo
835 864 842 871 .
863 836 941 872 Ideo
952 851 1037 873 nunc
1045 840 1122 873 dicit
1137 839 1296 887 Propheta
1307 867 1316 882 ,
1329 843 1397 876 Vos
1408 846 1606 891 cognoscetis
1620 846 1710 892 quod

112 899 174 934 ego
181 886 244 921 sum
255 887 287 919 iri
296 887 403 920 medio
412 884 780 932 Israelis2deinde‚Qod
789 898 848 932 ego
865 890 927 920 sum
941 887 1058 921 Iehoua
1069 889 1157 922 Deus
1167 888 1272 923 vester.
1284 890 1342 924 His
1353 891 1455 926 verbis
1465 895 1614 927 admonet
1627 895 1709 929 Pro-

112 935 282 982 pheta,hoc
290 944 394 969 totum
404 931 463 967 effe
473 933 675 968 tribuendum
685 935 828 980 gratuitae
843 934 906 968 Dei
922 935 1143 971 misericordiae
1154 963 1163 978 ,
1172 936 1259 983 quod
1270 940 1393 973 tandem
1412 942 1548 987 populus
1556 942 1709 977 leiiabitur

111 984 171 1018 suis
180 984 282 1017 malis:
293 985 366 1028 quia
375 984 436 1016 iam
448 983 582 1016 vidimus
590 979 679 1015 fuisse
688 993 734 1015 res
750 988 872 1029 prorius
887 984 1060 1031 desperatas
1071 1012 1080 1026 ,
1090 984 1147 1018 nifi
1160 986 1265 1019 addita
1279 985 1381 1022 fniffet
1396 989 1445 1022 illa
1463 990 1637 1024 consolatio
1647 1017 1656 1031 ‚
1668 992 1709 1026 Et

112 1045 196 1067 nunc
209 1043 339 1078 quoque
347 1033 386 1065 ad
403 1043 452 1064 me
461 1031 686 1065 conuertimini
698 1057 705 1064 .
725 1031 858 1077 Repetit
873 1033 968 1078 igitur
979 1030 1139 1080 Propheta
1155 1046 1220 1068 non
1231 1034 1320 1068 aliam
1339 1035 1407 1071 fore
1416 1038 1535 1072 causam
1552 1050 1605 1073 cur
1620 1040 1709 1074 Deus

113 1092 177 1115 tam
188 1079 324 1128 benigne
333 1091 479 1127 agatcum
489 1079 611 1126 populo
620 1080 723 1118 sum&
731 1089 857 1113 curtam
866 1081 1035 1116 clementer
1045 1092 1150 1129 parcat
1158 1109 1167 1123 ‚
1179 1082 1234 1116 nifi
1243 1084 1314 1129 quia
1327 1084 1443 1119 habitat
1451 1087 1484 1119 in
1492 1087 1600 1120 medio
1613 1088 1709 1122 lsrae-

111 1129 158 1163 lis.
176 1130 271 1164 Vnde
279 1138 382 1163 autem
393 1127 448 1161 ista
459 1126 681 1168 habitatio‚nifi
694 1140 767 1172 quia
777 1127 861 1161 hunc
872 1129 1025 1176 populum
1035 1132 1128 1177 gratis
1136 1131 1288 1179 elegerat?
1299 1131 1407 1167 Potuit
1415 1145 1518 1168 autem
1535 1135 1598 1169 hoc
1609 1136 1708 1182 pluri-

111 1177 202 1212 mum
212 1177 313 1212 valere
329 1178 367 1211 ad
378 1176 544 1223 erigendos
554 1175 665 1222 populi
680 1177 818 1209 animos.
837 1176 923 1210 Nam
940 1179 1109 1222 quomodo
1124 1179 1242 1226 alioqui
1257 1179 1422 1227 sperassent
1440 1183 1550 1217 Deum
1565 1183 1621 1217 fibi
1638 1184 1708 1219 fore

110 1225 359 1274 propitium‚nisi
368 1226 405 1258 :id
423 1225 484 1258 hoc
492 1225 684 1271 principium
701 1221 825 1258 fuiffent
833 1226 972 1258 reuocati
981 1251 990 1266 ‚
1003 1226 1109 1260 Deum
1120 1228 1230 1262 scilicet
1245 1230 1276 1262 in
1286 1230 1392 1263 medio
1402 1231 1540 1278 ipsorum
1554 1231 1706 1268 habitare?

111 1287 178 1309 non
190 1273 276 1321 quod
287 1275 374 1321 digni
384 1269 480 1307 effent
490 1272 558 1312 ,sed
571 1271 659 1318 quod
670 1273 816 1319 dignatus
832 1270 936 1306 fuiffet
944 1274 1129 1309 descendere
1138 1279 1176 1310 ad
1193 1276 1273 1322 ipsos
1283 1305 1290 1312 .
1323 1277 1433 1313 Postea
1443 1282 1549 1321 addit,
1559 1286 1599 1314 Et
1613 1282 1706 1316 nullus

110 1324 240 1370 amplius.
256 1323 330 1357 Hoc
341 1321 437 1355 verbo
447 1321 606 1367 Propheta
614 1333 668 1354 eos
677 1323 774 1367 magis
781 1325 812 1354 ἃ
821 1322 920 1355 acrius
929 1322 1067 1357 stimulat
1075 1347 1084 1361 ,
1094 1334 1127 1357 vt
1136 1325 1300 1360 confestim
1310 1327 1348 1360 ad
1361 1328 1467 1362 Deum
1479 1331 1622 1364 redeant:
1633 1334 1706 1376 quia.

64 1395 68 1398 -
110 1371 133 1406 fi
142 1370 288 1405 differant
298 1371 425 1418 longius
438 1396 448 1411 ,
458 1370 617 1403 frustratio
625 1370 684 1402 erit
693 1370 725 1402 in
737 1381 839 1403 mora.
853 1371 908 1403 Ne
917 1382 993 1417 ergo
1003 1383 1093 1406 more
1105 1375 1161 1407 suo
1171 1374 1267 1408 Iudaei
1281 1374 1383 1409 adhuc
1399 1378 1626 1424 procrastinent
1635 1405 1646 1418 ,
1655 1380 1706 1413 di-

109 1422 153 1455 cit
167 1419 301 1454 Nullum
312 1418 371 1454 effe
380 1418 513 1467 amplius
524 1418 633 1452 Deum
644 1430 652 1450 z
662 1420 693 1451 ἀ
705 1419 745 1450 ita
753 1418 889 1452 ostendit
906 1420 1024 1453 nullum
1035 1419 1119 1454 aliud
1128 1418 1188 1455 effe
1203 1424 1375 1457 remedium
1391 1427 1398 1457 i
1426 1426 1528 1460 sorum
1537 1427 1625 1460 malis
1634 1453 1642 1467 ‚
1655 1429 1706 1461 ni-

108 1469 131 1504 fi
143 1479 177 1504 vt
188 1469 296 1502 Deum
307 1467 362 1501 fibi
371 1468 574 1501 reconciliare
589 1465 733 1500 studeant
741 1493 748 1501 .
761 1467 875 1501 Nullus
883 1479 959 1514 ergo
974 1479 1084 1514 praeter
1094 1482 1144 1503 me
1156 1470 1246 1505 Deus
1255 1470 1297 1505 est
1307 1498 1315 1512 ‚
1325 1476 1355 1506 &
1365 1438 1475 1508 hahito
1486 1475 1516 1507 in
1527 1477 1636 1510 niedio
1646 1477 1704 1510 tui.

109 1518 177 1552 Hic
188 1518 351 1551 Dominus
365 1517 511 1551 vendicat
521 1515 577 1549 fibi
588 1527 718 1548 omnem
731 1517 918 1563 potentiam:
932 1517 1044 1551 deinde
1053 1516 1246 1553 familiariter
1258 1520 1295 1554 ad
1305 1518 1332 1554 se
1345 1525 1454 1556 inuitat
1463 1523 1705 1571 populumtquia

108 1567 225 1601 scilicet
233 1565 352 1610 habitet
362 1566 394 1599 in
404 1565 513 1599 medio
521 1565 585 1598 eius
595 1590 603 1598 .
615 1564 699 1611 Ergo
709 1577 747 1598 ne
757 1565 891 1612 populus
901 1563 996 1612 fingat
1012 1565 1068 1599 fibi
1082 1567 1154 1602 alias
1164 1567 1243 1615 spes,
1252 1568 1390 1603 ostendit
1402 1571 1488 1604 Deus
1498 1575 1528 1604 in
1544 1573 1571 1606 se
1581 1585 1646 1608 vno
1655 1586 1705 1607 re-

109 1614 207 1650 fidere
215 1627 343 1648 omnem
359 1615 443 1661 spem
453 1613 573 1660 :postea
581 1612 722 1646 ostendit
738 1613 863 1647 salutern
874 1612 954 1648 hanc
964 1626 1027 1648 non
1037 1617 1146 1662 procul
1160 1617 1359 1662 quaerendam
1369 1617 1428 1653 effe
1437 1646 1446 1660 ‚
1456 1619 1588 1655 simodo
1597 1634 1704 1669 popu-

108 1664 155 1697 lus
164 1676 229 1698 non
240 1662 441 1698 obliuiscatur
454 1661 595 1697 foederis:
604 1663 678 1707 quia
695 1661 812 1697 scilicet
820 1662 912 1697 Deus
920 1663 952 1696 in
967 1664 1074 1698 medio
1083 1665 1148 1699 eius
1162 1665 1300 1701 habitet.
1329 1668 1395 1701 Iam
1412 1667 1551 1714 sequitur
1559 1671 1651 1704 altior
1663 1670 1703 1704 il·

108 1712 136 1747 la
168 1713 297 1747 odrina.

54 1773 97 1807 28
145 1713 165 1748 d
187 1764 240 1808 Et
255 1759 409 1808 accidet
427 1759 520 1828 post
536 1759 590 1808 fic
603 1765 619 1823 (
631 1760 698 1807 boc
709 1761 952 1827 efi,pofsea)
971 1758 1186 1810 effundam
1202 1764 1397 1830 Spiritum
1422 1785 1562 1814 meum
1587 1766 1701 1833 super

107 1849 282 1878 omnem
299 1849 484 1878 carnem:
504 1838 548 1876 &
573 1830 876 1895 prophetabunt
903 1830 977 1895 filij
999 1830 1119 1880 vestri
1145 1840 1188 1880 δε
1215 1834 1305 1880 filiae
1321 1834 1481 1882 vestrae:
1499 1836 1605 1882 senes
1628 1856 1701 1884 ve-

106 1899 176 1947 stri
199 1899 359 1948 somnia
381 1899 673 1947 somniabunt:
692 1899 855 1946 iuuenes
880 1899 1001 1950 vestri
1023 1905 1114 1963 (aut
1147 1905 1217 1950 viri
1236 1903 1336 1950 cleHi
1351 1907 1368 1966 )
1386 1901 1560 1954 vifiones
1583 1904 1700 1955 vitle-

106 1970 223 2017 bunt

179 2039 328 2073 Diximus
336 2051 391 2074 cur
400 2036 559 2087 Propheta
570 2039 692 2074 exorsus
703 2038 796 2074 fuerit
805 2038 823 2074 ὰ
832 2041 960 2075 terrenis
967 2040 1113 2076 alimetis.
1124 2039 1209 2076 Nam
1219 2039 1482 2090 poffetquispiam
1494 2054 1603 2090 putare
1612 2043 1698 2078 hunc

103 2088 250 2124 ordinem
259 2086 318 2122 effe
329 2089 564 2136 praeposterum.
576 2090 691 2133 Neque
698 2090 783 2123 enim
792 2087 903 2123 frustra
910 2092 1062 2125 admonet
1072 2090 1215 2124 Christus
1224 2117 1232 2131 ,
1241 2094 1386 2137 quaerend
1392 2105 1444 2126 um
1453 2092 1512 2126 effe
1527 2091 1633 2140 primo
1645 2105 1695 2127 rc·
1709 2114 1829 2142 Mathe.

103 2149 200 2186 gnum
215 2136 329 2178 Dei,vt
339 2137 396 2170 alia
405 2138 521 2171 deinde
530 2139 585 2171 suo
602 2137 675 2171 loco
684 2139 850 2172 accedant.
878 2139 987 2172 Victus
1002 2142 1086 2173 enim
1096 2143 1128 2173 δι
1143 2140 1293 2186 quicquid
1311 2142 1493 2187 pertinetad
1510 2141 1590 2174 hanc
1600 2142 1698 2175 cadu-

103 2199 171 2220 cam
182 2187 277 2219 vitam
287 2211 296 2226 ‚
306 2185 350 2218 est
359 2184 443 2231 qiiafi
451 2185 584 2220 accessio
595 2186 757 2233 spiritualis
767 2187 838 2220 vitae
848 2212 856 2221 .
872 2186 933 2221 Sed
944 2187 1088 2222 consulto
1104 2187 1264 2235 Propheta
1279 2190 1441 2235 proposuit
1457 2189 1576 2237 [ignum
1592 2193 1699 2237 gratiae

101 2235 169 2269 Dei
179 2236 211 2268 in
225 2235 359 2268 externis
367 2233 612 2280 beneficiis:quia
623 2235 767 2268 videmus
776 2233 870 2280 quam
880 2237 959 2270 tardi
971 2235 1029 2270 fint
1038 2237 1204 2270 hominum
1213 2237 1323 2279 sensus,
1333 2242 1363 2281 ἀ
1376 2239 1456 2286 pigri
1466 2240 1557 2272 etiam
1566 2241 1605 2272 ad
1614 2251 1700 2284 quae-

102 2285 234 2317 rendam
242 2283 430 2330 spiritualem
442 2284 643 2329 vitam.Qa
653 2296 729 2330 ergo
736 2294 800 2316 tam
809 2281 979 2318 difficulter
986 2282 1144 2332 affurgunt
1153 2285 1298 2320 homines
1308 2312 1316 2326 ,
1326 2287 1400 2321 idco
1411 2287 1567 2334 Propheta
1579 2288 1645 2321 vsus
1654 2288 1698 2322 est

101 2333 232 2379 optimis
240 2332 445 2365 adminiculis.
456 2331 496 2365 Et
505 2332 588 2365 certe
599 2332 860 2365 tractandii'umus
870 2359 878 2373 ,
890 2343 923 2366 vt
931 2334 1065 2368 solemus
1073 2335 1199 2368 tractare
1215 2346 1331 2382 pueros
1340 2347 1347 2369 :
1357 2336 1431 2382 quia
1439 2337 1581 2370 nonduin
1593 2336 1697 2370 confi-

101 2382 136 2415 lii
146 2391 266 2414 tantum
277 2382 310 2413 in
319 2379 390 2426 ipsis
400 2381 493 2420 est,vt
503 2380 677 2414 rationibus
685 2382 799 2414 adduci
808 2381 914 2426 queat,
925 2383 1131 2429 proponimus
1140 2383 1272 2429 illisquae
1283 2386 1477 2418 conueniunt
1485 2389 1635 2419 tenero&
1645 2398 1698 2418 ru-

101 2431 135 2464 di
143 2427 324 2477 ingeniozfic
332 2441 418 2464 nunc
427 2428 502 2463 facit
512 2427 688 2476 Propheta.
701 2429 788 2463 Nam
797 2431 830 2462 in
841 2430 998 2478 corporali
1007 2433 1089 2465 victu
1099 2431 1235 2466 ostendit
1247 2432 1356 2466 Deum
1373 2432 1441 2467 fore
1457 2434 1629 2481 propitium
1642 2434 1696 2467 Iu-

99 2479 175 2512 daeis
185 2504 194 2513 .
213 2477 326 2513 Postea
338 2476 391 2511 vbi
402 2479 470 2512 vsus
478 2477 520 2512 est
529 2478 582 2511 tali
591 2478 796 2519 adminiculo,
806 2478 1096 2526 adiungit,Poffhaec
1107 2478 1246 2526 ffmdam
1262 2483 1398 2527 Spiritum
1411 2495 1499 2515 meum
1500 2482 1695 2528 superomnem

98 2540 218 2562 carnem.
241 2528 282 2561 Et
299 2526 617 2561 hisverbisadmonet
629 2525 789 2574 Propheta
797 2539 960 2575 perperam
976 2526 1076 2562 facere
1093 2528 1297 2576 populum‚fi
1309 2529 1425 2564 insistat
1437 2531 1468 2563 in
1484 2530 1546 2563 issis
1555 2531 1695 2563 euanidis

96 2574 225 2617 rebus‚fi
235 2575 313 2609 nihil
321 2573 536 2622 praestantius&
547 2575 622 2608 Deo
632 2585 754 2623 expetat
763 2602 772 2616 ,
782 2575 879 2621 quam
889 2586 922 2610 vt
931 2575 1087 2624 saginetur
1095 2603 1105 2619 ‚
1113 2577 1201 2613 sicuti
1210 2578 1310 2613 solent
1319 2578 1408 2612 bruta
1420 2578 1579 2611 animalia.
1599 2578 1693 2622 Qiid

97 2626 183 2658 enim
193 2622 341 2658 different
356 2623 411 2657 filii
423 2625 488 2658 Dei
496 2623 535 2657 ab
544 2622 632 2656 asinis
641 2628 670 2657 ἃ
679 2624 876 2661 canibus,nifi
884 2625 973 2658 altius
982 2625 1322 2673 conscendant,nempe
1332 2628 1369 2660 ad
1379 2627 1567 2673 spiritualem
1578 2627 1690 2661 vitam?

95 2672 182 2719 Ergo
191 2672 351 2718 Propheta
362 2672 527 2719 postquam
535 2672 687 2706 elementa
698 2673 861 2719 proposuit
869 2683 1017 2718 tanquam
1028 2676 1142 2721 pueris,
1152 2676 1212 2708 iam
1222 2677 1479 2721 proponitmagis
1488 2674 1617 2708 solidam
1629 2676 1691 2709 do-

93 2721 221 2755 &rinam
228 2722 420 2764 (deducendi
430 2721 513 2755 enim
523 2722 565 2754 ita
573 2722 653 2760 sunt)
663 2724 694 2754 ὃς
702 2720 824 2767 gustum
834 2721 893 2754 illis
902 2721 1020 2768 praebet
1027 2723 1132 2768 gratiae
1143 2723 1206 2756 Dei
1217 2724 1248 2755 in
1256 2725 1386 2756 externis
1395 2722 1485 2770 {ignis
1495 2749 1503 2757 .
1516 2723 1601 2772 Ergo
1611 2735 1691 2757 con-

91 2769 230 2804 scendite
240 2771 495 2815 nunc,inquit‚ad
506 2767 692 2818 spiritualem
703 2770 886 2814 vitam:qui:i
895 2770 946 2803 hic
957 2768 1026 2804 sons
1034 2772 1078 2803 est
1087 2770 1266 2812 viiicus,etsi
1274 2781 1394 2804 terrena
1403 2770 1553 2805 beneficia
1563 2784 1622 2806 vos
1629 2784 1687 2806 oc-

95 2830 212 2865 cupant
221 2822 252 2852 &
264 2814 409 2855 retinent,
420 2819 503 2852 certe
512 2819 651 2863 polluitis
659 2830 703 2851 ea.
715 2818 801 2851 Nam
815 2818 904 2852 Deus
918 2818 981 2851 alio
990 2817 1119 2852 consilio
1130 2831 1186 2852 vos
1203 2818 1298 2867 pascit
1307 2845 1317 2861 ‚
1326 2815 1422 2866 quam
1432 2831 1464 2854 vt
1476 2821 1588 2854 saturet
1595 2833 1631 2854 ac
1639 2821 1687 2854 sa·

94 2867 311 2913 ginet.Neque
320 2868 403 2900 enim
415 2867 482 2901 vult
497 2866 610 2900 similes
620 2879 678 2899 vos
693 2864 753 2900 effe
763 2865 861 2900 brutis
869 2865 1055 2900 animalibus
1064 2893 1071 2900 .
1083 2867 1170 2914 Ergo
1178 2867 1334 2914 agnoscite
1348 2881 1405 2902 vos
1413 2870 1617 2916 corporaliter
1632 2881 1687 2916 pa-

95 2915 156 2954 sci,
165 2919 197 2948 &
209 2916 315 2949 Deum
324 2914 416 2949 vobis
432 2916 589 2962 suggerere
603 2915 749 2948 alimenta
758 2940 769 2954 ,
779 2925 811 2948 vr
819 2915 957 2961 aspiretis
969 2915 1007 2948 ad
1022 2915 1176 2950 coelestem
1195 2918 1294 2951 vitam
1304 2930 1312 2950 ε
1324 2929 1395 2951 nam
1409 2917 1493 2962 quasi
1504 2929 1597 2950 manu
1615 2918 1688 2951 illuc

94 2975 153 2996 vos
160 2964 290 2997 deducit
300 2989 307 2996 .
318 2963 436 3010 sitergo
446 2965 495 2997 ille
505 2963 575 2997 finis
583 2963 684 2996 vester
692 2987 699 2995 .
710 2963 808 2997 Nunc
819 2974 961 2997 tenemus
970 2976 1027 2998 cur
1039 2963 1200 3011 Propheta
1209 2977 1274 2998 non
1283 2965 1376 3000 initio
1388 2964 1560 2999 disseruerit
1570 2967 1608 2999 de
1624 2964 1689 3012 spi-

92 3012 195 3047 rituali
209 3012 306 3060 gratia
320 3012 385 3046 Dei
396 3011 464 3047 :sed
480 3025 565 3047 nunc
578 3013 709 3047 demum
724 3012 765 3046 ad
781 3023 851 3047 eam
867 3011 1052 3048 descendat:
1065 3014 1185 3047 exorsus
1197 3024 1302 3048 autem
1317 3013 1414 3049 fuerit
1429 3013 1448 3048 a
1463 3013 1688 3061 temporalibus

1428 3066 1450 3097 s.
1486 3074 1518 3096 ii.
