2045 3466
399 81 462 124 ,με
992 72 1061 108 ΙΝ
1111 70 1474 110 MICHAi-:AM

411 159 433 192 li
445 157 556 192 tradita
574 152 678 190 fuiffer
688 166 763 202 gens
771 165 832 188 vna
841 153 872 187 in
881 151 1141 188 custodiam.Sed
1157 155 1310 198 quoniam
1326 153 1430 188 voluit
1446 154 1534 188 Deus
1546 153 1636 188 Pater
1647 154 1749 201 ipsum
1765 152 1826 189 esse
1839 155 2004 191 authorem

411 207 513 240 salutis
520 206 636 239 cunetis
651 202 806 238 Gentibus
814 228 826 242 ‚
835 203 906 236 hinc
914 203 1008 236 etiam
1023 202 1201 248 colligimus
1209 200 1383 249 oportuisse
1392 201 1497 236 extolli
1513 203 1608 248 vsque
1625 205 1663 236 ad
1677 203 1804 237 vltimos
1814 209 1902 238 t'crrae
1917 203 2005 240 fines.

412 252 572 288 Caeterum
590 254 681 299 quod
689 253 729 287 ad
739 251 871 288 verbum
880 250 1054 285 Habitandi
1064 250 1176 298 spectat
1188 276 1198 291 ,
1208 250 1301 285 fufius
1313 252 1481 298 exponitur
1490 263 1635 299 proximo
1646 250 1733 286 versu
1741 277 1753 292 ‚
1764 252 1818 286 vbi
1828 250 1907 287 dicit
1920 253 2004 289 Pro-

412 303 517 350 pheta,

384 402 401 434 5
477 389 527 429 Et
547 381 620 429 erit
634 381 700 429 hic
714 401 811 448 pax:
824 380 941 428 Assiu·
955 372 1087 447 quum
1108 380 1262 429 venerit
1276 379 1321 426 in
1334 396 1481 427 terram
1497 379 1678 427 nostram
1695 415 1707 435 ,
1724 387 1768 427 δε
1784 398 1915 447 quum
1926 381 2006 429 cal-

413 452 560 498 canerit
575 451 618 497 in
633 451 785 517 palatijs
802 449 945 497 nostris
961 487 972 505 ,
987 466 1084 496 tunc
1104 448 1396 496 constituemus
1411 452 1524 516 super
1538 468 1634 496 eum
1649 447 1801 515 septem
1817 448 2003 507 pastores,

412 529 456 568 ὃς
472 524 570 568 octo
585 520 781 585 Principes
793 518 1028 566 hominum.

484 621 719 661 Confirmat‚vt
727 621 804 662 dixi,
818 619 970 654 Michaeas
980 620 1153 667 proximam
1163 620 1338 653 doctrinam
1349 647 1355 653 .
1365 619 1539 654 Habitandi
1548 619 1647 654 verbo
1656 632 1723 654 non
1733 618 1864 654 dubium
1873 621 1916 655 est
1925 623 2003 667 quin

408 671 548 707 voluerit
558 670 723 704 stationem
734 670 872 716 quietam
882 672 914 702 δι
922 668 1119 714 tranquillam
1128 679 1238 702 notare
1249 667 1326 702 :acsi
1339 669 1457 703 diceret
1466 670 1587 703 securos
1598 668 1664 703 sore
1675 667 1706 702 fil
1711 671 1755 702 ios
1765 669 1830 703 Dei
1839 670 1896 705 sub
1907 671 2005 705 Chri-

408 721 446 754 sti
457 732 550 754 manu
561 744 570 754 .
587 719 653 752 Iam
661 719 760 759 addit,
766 720 831 752 Erit
840 720 913 753 enim
924 727 985 763 pax
993 717 1079 759 nostra
1088 741 1095 749 .
1111 715 1342 763 Poteratquaeri
1353 743 1362 758 ,
1374 718 1457 751 vnde
1467 717 1568 751 secura
1578 718 1633 750 ista
1651 718 1825 752 habitatio?
1836 732 1907 753 nam
1925 730 2006 754 terra

407 769 512 803 nostra
523 767 631 816 saepius
647 767 761 802 vastata
773 765 985 800 fuitttandem
994 766 1145 798 abduous
1159 765 1203 799 est
1220 766 1355 813 populus
1370 767 1402 799 in
1417 766 1542 799 exilium
1552 792 1559 799 .
1576 767 1760 811 Qornodo
1773 779 1857 802 nunc
1872 768 2006 802 audebi-

409 829 479 852 mus
487 818 610 865 sperare
618 817 707 862 quod
718 816 876 863 promittis
884 841 893 856 ,
902 826 961 848 nos
974 813 1042 847 fore
1051 814 1236 859 tranquillos
1247 818 1278 847 &
1297 813 1419 848 securos
1429 816 1520 860 ?quia
1530 840 1540 854 ,
1551 816 1655 860 inquit
1667 841 1674 855 ,
1685 818 1738 849 erit
1750 817 1911 862 paxnvfi‘ra
1922 844 1931 858 ,
1942 818 2004 852 hoc

409 865 453 900 est
462 891 471 907 ,
483 866 625 899 contenti
646 864 738 898 fimus
760 863 905 911 praesidio
926 864 1023 910 Regis
1032 889 1040 904 ‚
1054 874 1149 908 quem
1167 863 1256 896 Deus
1274 861 1366 896 Pater
1382 864 1474 897 nobis
1497 865 1584 897 dedit
1594 889 1602 897 .
1631 862 1776 897 Sufficiat
1792 866 1887 912 igitur
1908 867 2004 901 nobis

410 913 641 960 vmbraipfius,
654 917 685 947 δι
697 913 766 947 satis
776 913 890 947 erimus
899 913 958 946 tuti
971 911 1011 946 ab
1019 912 1109 945 omni
1127 911 1283 945 molestia.
1318 912 1416 946 Nunc
1433 913 1575 946 videmus
1590 925 1656 958 quo
1673 910 1756 946 sensu
1773 912 1932 961 Propheta
1947 927 2004 962 ap-

408 964 503 1011 pellet
518 962 681 996 Christum
693 988 702 1002 ,
712 960 828 996 Pacem
839 961 967 1008 populi,
976 960 1025 995 vel
1041 959 1200 995 Ecclesiae:
1211 973 1324 1007 nempe
1333 962 1406 1005 quia
1417 961 1526 1007 procul
1542 960 1659 995 arcebit
1674 973 1785 995 omnes
1796 966 1939 1003 noxas‚&
1952 965 2004 997 in—

407 1013 536 1046 structus
551 1013 609 1045 erit
624 1010 812 1045 fortitudine
825 1013 857 1043 δε
869 1011 986 1044 ἱηυίᾶο
1002 1010 1139 1056 imperio
1154 1019 1188 1043 vt
1204 1021 1315 1043 omnes
1332 1011 1448 1057 impios
1461 1009 1658 1056 compescat,
1671 1023 1711 1044 ne
1727 1011 1865 1045 audeant
1885 1010 2004 1047 bellum

407 1073 514 1109 gerere
524 1072 596 1094 cum
612 1059 683 1093 filiis
693 1060 758 1094 Dei
768 1071 776 1093 :
786 1058 834 1094 vel
853 1058 875 1092 si
885 1060 964 1104 quid
980 1069 1134 1092 moueant
1149 1057 1310 1092 turbarum
1323 1085 1330 1098 2
1342 1058 1510 1103 prohibeat
1525 1057 1607 1104 ipsos
1622 1070 1726 1093 tamen
1737 1084 1744 1091 .
1755 1059 1914 1094 Caeterum
1925 1087 1934 1101 ,
1946 1061 2003 1096 sci-

405 1122 476 1144 mus
483 1108 545 1143 alio
561 1109 662 1143 modo
673 1107 836 1142 Christum
847 1106 906 1141 esse
914 1106 1008 1141 nobis
1023 1119 1132 1154 pacem
1145 1133 1154 1149 ‚
1164 1108 1238 1153 quia
1254 1106 1369 1140 scilicet
1381 1106 1596 1141 reconciliauit
1606 1120 1664 1141 nos
1680 1106 1783 1141 Patri.
1793 1108 1833 1141 Et
1843 1110 1923 1154 quid
1940 1122 2003 1144 no-

404 1157 451 1192 bis
461 1155 620 1205 prodesset
630 1168 714 1191 tutos
723 1154 809 1191 essea
817 1157 944 1190 terrenis
955 1159 1044 1190 noxis
1053 1183 1061 1198 ,
1074 1155 1131 1189 nisi
1141 1156 1203 1190 hoc
1212 1165 1330 1189 certum
1342 1153 1418 1189 esset
1428 1182 1436 1195 ,
1449 1155 1555 1189 Deum
1567 1155 1659 1190 nobis
1667 1154 1726 1190 esse
1738 1157 1912 1203 propitium
1924 1163 1935 1192 ?
1946 1157 2004 1192 nisi

402 1219 478 1254 ergo
488 1217 607 1240 mentes
615 1206 727 1239 nostrae
736 1204 965 1251 acquiescerent
975 1206 1008 1238 in
1017 1216 1147 1250 paterna
1160 1205 1225 1239 Dei
1236 1203 1456 1237 beneuolentia
1466 1230 1476 1246 ‚
1485 1201 1603 1239 necesse
1613 1203 1688 1239 esset
1696 1216 1753 1238 nos
1763 1206 1921 1251 trepidare
1931 1218 2005 1254 per-

401 1254 500 1303 petuo
510 1281 519 1297 ‚
530 1254 649 1289 etiarnsi
664 1266 761 1288 nemo
774 1255 945 1299 quicquam
962 1254 1112 1288 molestiae
1126 1253 1272 1288 inferret:
1283 1252 1350 1286 imo
1363 1265 1473 1286 omnes
1481 1254 1578 1287 amici
1587 1252 1684 1287 essent
1695 1279 1703 1293 ,
1713 1256 1744 1287 δι
1761 1254 2000 1301 applauderent,

400 1303 511 1338 misera
526 1302 601 1337 esset
616 1314 722 1337 tamen
731 1302 834 1337 nostra
851 1303 996 1337 conditio
1006 1305 1055 1344 ,&
1071 1302 1268 1337 aestuaremus
1282 1303 1518 1347 inquietudine,
1534 1301 1591 1335 nifi
1606 1304 1806 1336 conscientia:
1818 1302 1931 1338 nostrae
1948 1303 2002 1338 illa

399 1363 482 1387 certa
493 1351 608 1385 fiducia
620 1362 735 1399 pacatae
744 1348 844 1386 essent
856 1377 863 1392 ‚
875 1352 984 1385 Deum
994 1351 1108 1385 scilicet
1116 1351 1207 1385 nobis
1215 1347 1275 1385 esse
1284 1361 1404 1398 patrem
1413 1375 1420 1382 .
1429 1350 1516 1397 Ergo
1525 1362 1591 1384 non
1610 1349 1712 1397 posset
1721 1351 1865 1385 Christus
1872 1350 1932 1386 esse
1941 1353 2000 1386 ali-

397 1411 445 1436 ter
453 1413 510 1448 pax
518 1399 693 1441 nostra,nifi
700 1411 851 1444 quatenus
862 1399 969 1434 Deum
980 1399 1073 1433 nobis
1082 1399 1227 1447 pacificat
1236 1426 1244 1433 .
1257 1398 1318 1434 Sed
1329 1400 1456 1432 interim
1466 1399 1651 1445 generaliter
1663 1399 1805 1445 loquitur
1821 1399 1997 1447 Propheta,

395 1449 484 1496 quod
497 1448 552 1484 sub
569 1448 680 1483 vmbra
699 1448 817 1482 Christi
835 1447 904 1482 tuto
919 1447 1209 1495 latebimus,neque
1219 1447 1278 1481 esse
1296 1449 1502 1481 metuendum
1520 1449 1691 1493 quiequam
1703 1448 1777 1481 mali
1788 1447 1925 1490 ‚etiarnsi
1942 1449 2000 1483 Sa-

395 1509 448 1533 tan
465 1497 580 1532 furiose
589 1498 622 1531 in
633 1510 691 1532 nos
700 1508 770 1532 ruat
779 1525 788 1539 ,
799 1497 821 1531 si
836 1498 966 1531 insaniat
975 1499 1069 1530 etiarn
1079 1507 1163 1531 totus
1172 1497 1309 1530 mundus
1320 1495 1397 1529 nihil
1412 1495 1504 1529 nobis
1514 1494 1574 1530 esse
1584 1497 1787 1530 metuendum
1801 1524 1810 1540 ,
1821 1496 1842 1530 si
1853 1497 1999 1532 Christus

394 1548 557 1583 contineat
568 1559 626 1581 nos
644 1545 700 1580 sub
708 1546 846 1586 suisalis,
857 1549 889 1579 ὃς
908 1544 1016 1579 foueat
1025 1570 1033 1579 .
1070 1546 1148 1580 Haec
1158 1545 1278 1579 summa
1288 1544 1331 1578 est
1342 1545 1436 1592 igitur
1445 1570 1454 1585 ‚
1464 1556 1563 1590 quum
1581 1546 1660 1578 dicit
1681 1545 1843 1579 Christum
1862 1543 1921 1579 csse
1941 1558 1997 1592 pa-

392 1608 461 1630 cem
473 1608 480 1628 :
490 1595 596 1641 postea
605 1596 747 1643 adiungit
756 1619 765 1633 ‚
774 1602 872 1645 Qum
883 1592 978 1637 stſjiaer
984 1596 1092 1636 venerit
1097 1597 1128 1629 in
1139 1605 1242 1629 terram
1250 1595 1374 1627 nostram
1386 1619 1393 1633 ,
1404 1606 1441 1631 cy-
1449 1606 1534 1641 quum
1542 1594 1691 1628 calcizuerit
1705 1596 1735 1628 ia
1750 1595 1868 1640 palatijs
1878 1595 1993 1636 mihis,

392 1656 459 1678 tunc
475 1646 632 1678 statuemus
645 1655 738 1678 contra
753 1657 831 1684 eum,
844 1643 893 1676 vel
908 1643 998 1689 super
1012 1654 1084 1676 eum
1098 1669 1107 1683 ,
1117 1643 1227 1689 septem
1244 1642 1375 1676 Paflores
1390 1655 1427 1680 <y
1445 1642 1503 1676 οὗῗο
1522 1645 1666 1688 Principes
1684 1643 1780 1689 populi
1788 1667 1796 1675 .
1827 1642 1997 1690 Significat

391 1692 554 1740 Propheta
563 1693 728 1728 Ecclesiam
742 1692 806 1725 Dei
818 1704 883 1725 non
898 1690 968 1724 fore
978 1693 1154 1725 immunem
1170 1690 1188 1726 a
1198 1691 1301 1724 multis
1308 1690 1409 1725 turbis
1421 1717 1430 1731 ‚
1440 1692 1532 1724 etiam
1542 1701 1614 1725 ante
1626 1691 1746 1724 Christi
1756 1693 1938 1726 aduentum.
1949 1693 1995 1726 E-

390 1755 434 1789 go
444 1743 530 1775 enim
541 1741 674 1775 libenter
683 1742 746 1775 hoc
753 1739 857 1774 refero
866 1741 904 1773 ad
915 1741 1056 1774 medium
1066 1739 1525 1787 tempus:quanuisinterpretes
1533 1739 1597 1774 alio
1608 1739 1731 1773 trahant
1740 1739 1911 1786 Prophetae
1922 1754 1994 1775 ver·

390 1791 430 1825 ba
439 1811 448 1821 .
459 1790 518 1824 Sed
531 1791 583 1824 hic
599 1791 701 1824 sensus
715 1788 811 1836 longe
822 1789 931 1823 melius
940 1791 1111 1829 conuenit,
1120 1791 1197 1822 dum
1212 1787 1357 1822 Christus
1370 1788 1473 1822 adhuc
1486 1788 1641 1834 speratur,
1653 1792 1683 1822 &
1695 1799 1800 1823 tamen
1815 1790 1993 1834 suspensum

390 1840 435 1874 est
443 1839 591 1874 auxilium
608 1839 685 1873 illud
696 1865 704 1881 ‚
714 1839 801 1884 quod
815 1838 902 1872 Deus
916 1850 971 1883 per
980 1849 1110 1871 manum
1117 1840 1182 1872 eius
1198 1836 1358 1883 pollicitus
1372 1836 1416 1870 est
1428 1849 1435 1870 :
1447 1848 1597 1870 venturos
1615 1835 1761 1883 Assyrios
1771 1864 1780 1880 ,
1789 1838 1843 1883 qui
1853 1830 1951 1885 'longe
1960 1842 1995 1873 δε

388 1888 451 1924 late
465 1886 636 1936 grassentur
646 1899 701 1936 per
714 1898 827 1920 terram
840 1886 944 1921 Israel.
957 1886 1050 1920 Dicit
1057 1898 1133 1933 ergo
1142 1912 1153 1927 ,
1163 1884 1292 1920 Etiamsi
1308 1883 1402 1919 Alsur
1412 1887 1444 1919 in
1459 1895 1573 1919 terram
1589 1885 1726 1919 nostram
1744 1889 1848 1920 veniat
1858 1890 1910 1926 ,&
1921 1899 1994 1933 per-

389 1947 516 1984 rumpat
528 1937 668 1970 violento
676 1938 850 1981 impetu‚vt
857 1948 923 1970 non
931 1935 1084 1983 possimus
1092 1947 1163 1969 eum
1170 1947 1275 1969 arcere
1285 1960 1293 1973 ‚
1303 1934 1471 1968 statuemus
1480 1945 1584 1968 tamen
1597 1934 1688 1968 nobis
1698 1933 1741 1968 Pa
1747 1934 1842 1968 stores
1852 1938 1884 1969 δι
1900 1934 1995 1969 Prin-

389 1988 476 2034 cipes
483 1995 592 2020 eontra
601 1997 674 2019 eum
685 2007 694 2017 .
705 1985 902 2030 Qanquam
912 1984 1089 2019 notandum
1101 1983 1144 2017 est
1154 1996 1220 2017 non
1229 1982 1345 2017 debere
1356 1984 1540 2016 vaticinium
1552 1983 1614 2017 hoc
1622 1984 1764 2030 restringi
1772 1983 1813 2017 ad
1824 1984 1996 2029 tempusil-

388 2036 444 2070 lud
454 2045 516 2068 tam
525 2034 628 2068 breue.
641 2032 840 2067 Generaliter
848 2035 933 2067 enim
944 2033 1086 2079 loquitur
1101 2031 1261 2079 Propheta
1273 2033 1311 2065 de
1322 2031 1464 2065 Ecclesia:
1482 2031 1719 2066 conseruatione
1733 2043 1797 2066 tam
1808 2043 1880 2066 ante
1894 2032 1993 2066 Chri-

389 2084 426 2118 sti
434 2081 717 2129 aduentum,qu22m
732 2081 838 2129 postea
850 2081 952 2128 :quasi
961 2081 1174 2121 diceret,Dixi
1184 2081 1307 2127 Regem
1316 2081 1370 2125 qui
1384 2079 1522 2114 nascetur
1533 2080 1635 2120 nobis,
1644 2084 1676 2113 δι
1686 2080 1830 2126 prodibit
1843 2093 1880 2114 ex
1889 2081 1990 2117 Beth-

389 2132 493 2168 lehem
505 2158 514 2172 ,
533 2130 601 2165 fore
617 2143 726 2177 pacem
742 2129 856 2164 nobis:
875 2130 926 2164 sed
944 2140 1112 2176 antequam
1132 2128 1349 2163 manifestetur
1365 2130 1486 2162 mundo
1500 2154 1508 2168 ‚
1529 2129 1620 2162 Deus
1638 2139 1743 2162 tamen
1757 2129 1859 2163 adhuc
1876 2129 1994 2168 Eccle-,t

388 2181 465 2216 fiam
479 2180 563 2214 suam
575 2179 719 2227 colliget,
729 2182 759 2213 ἀ
769 2189 930 2226 emergent
944 2192 981 2213 ex
990 2190 1124 2225 corpore
1140 2188 1269 2212 mortuo
1285 2188 1348 2211 tarn
1365 2178 1473 2211 Duces
1490 2176 1587 2223 quarn
1599 2176 1759 2216 pastores,
1769 2179 1825 2222 qui
1835 2175 1988 2224 repellant

388 2229 536 2264 iniustam
553 2226 832 2262 violentiamzimo
850 2227 1019 2262 subiiciant
1035 2226 1090 2260 sibi
1107 2223 1263 2273 Assyrios.
1276 2226 1430 2260 Videmus
1448 2238 1532 2259 nunc
1548 2225 1698 2271 quorsum
1715 2225 1831 2272 spectet
1840 2223 1988 2271 Prophe-

388 2289 419 2313 ta
430 2291 438 2312 :
451 2276 619 2324 postquam
631 2278 757 2310 ornauit
774 2275 885 2323 insigni
902 2276 956 2310 illo
972 2276 1079 2322 elogio
1095 2274 1258 2309 Christum
1270 2273 1378 2320 ‚quod
1397 2286 1475 2306 vnus
1492 2272 1585 2307 nobis
1606 2275 1643 2311 ad
1663 2272 1862 2319 tranquillam
1888 2274 1990 2308 vitam

386 2324 520 2362 sufficiat
532 2351 542 2367 ,
551 2326 660 2373 postea
670 2326 814 2371 adiungit
827 2326 936 2359 Deum
948 2323 1017 2359 fore
1025 2324 1276 2358 conseruatorem
1295 2322 1438 2356 Ecclesiae
1456 2322 1564 2363 fiiae,vt
1574 2334 1641 2355 eam
1657 2322 1771 2356 liberet
1778 2320 1819 2355 ab
1831 2320 1988 2362 hostibus.

389 2374 551 2412 Caeteriim
566 2400 575 2415 ,
589 2374 730 2408 notanda
745 2373 790 2407 est
806 2373 1022 2408 circumstantia
1037 2398 1047 2414 ,
1061 2383 1131 2418 quae
1148 2372 1200 2406 hic
1213 2372 1397 2418 exprimitur
1407 2396 1414 2404 .
1451 2371 1543 2404 Dicit
1561 2370 1726 2412 Micliaeas,
1738 2370 1855 2414 Qum
1867 2368 1987 2414 Affjm'q'

385 2422 612 2472 graffitifiaeerint
624 2433 676 2469 per
686 2433 854 2464 terram&
864 2422 1029 2456 calcauerint
1044 2423 1135 2455 omnia
1149 2421 1261 2466 palatia
1271 2445 1282 2460 ‚
1292 2430 1367 2454 tunc
1383 2419 1490 2453 Deum
1509 2417 1577 2454 fore
1595 2418 1798 2453 liberatorem
1809 2418 1922 2466 populi
1930 2418 1986 2453 sui.

389 2473 520 2508 Poterat
531 2472 631 2517 excipi
643 2496 654 2511 ,
664 2471 732 2504 Cur
743 2482 809 2504 non
819 2471 927 2504 citius?
939 2468 1047 2504 annon
1056 2468 1220 2516 praestabat
1234 2473 1441 2502 anteuertere?
1453 2467 1546 2512 Qd
1558 2473 1568 2500 ἒ
1579 2479 1662 2501 nunc
1673 2467 1763 2501 Deus
1773 2465 1860 2512 quasi
1868 2465 1988 2502 otiosus

388 2522 505 2570 speetat
514 2521 581 2554 vim
591 2519 741 2561 hostium,
750 2522 781 2553 δι
791 2519 870 2552 laxat
879 2518 939 2552 illis
954 2517 1101 2557 habenas,
1111 2527 1145 2551 vt
1155 2527 1253 2551 totam
1267 2527 1381 2550 terram
1391 2517 1561 2562 diripiant,
1571 2526 1605 2549 vt
1616 2525 1824 2562 perrumpant
1836 2515 1932 2561 vsque
1944 2516 1986 2550 ad

389 2569 602 2604 meditullium
614 2593 621 2601 .
631 2569 701 2602 Cur
713 2580 789 2616 ergo
805 2568 894 2602 Deus
906 2579 971 2600 non
985 2567 1124 2600 occurrit
1138 2567 1307 2600 maturius?
1319 2565 1369 2598 sed
1379 2566 1519 2598 videmus
1529 2576 1624 2609 quam
1641 2565 1798 2597 rationem
1809 2574 1914 2597 tenere
1931 2576 1987 2609 ve-

390 2619 428 2653 lit
447 2618 539 2652 Deus
552 2618 585 2651 in
601 2616 746 2652 Ecclesiae
760 2616 870 2651 salute.
889 2616 977 2662 Qia
989 2615 1074 2648 enim
1089 2613 1289 2661 castigatione
1309 2613 1412 2657 aliqua
1427 2611 1558 2646 subinde
1577 2613 1721 2659 indigent
1743 2610 1852 2646 fideles
1867 2637 1878 2654 ‚
1895 2611 1985 2649 Deus

390 2667 475 2714 ipsos
491 2666 637 2699 humiliat
648 2665 703 2701 vbi
712 2666 754 2699 ita
760 2665 888 2713 expedit
899 2691 908 2706 ‚
921 2665 972 2698 sed
981 2663 1086 2710 postea
1101 2662 1212 2697 liberat
1223 2685 1230 2694 .
1241 2662 1272 2695 H
1276 2674 1318 2695 aec
1330 2662 1411 2695 ratio
1420 2660 1463 2694 est
1471 2673 1525 2694 cur
1536 2661 1626 2695 Deus
1635 2660 1808 2706 permiserit
1817 2671 1934 2695 tantam
1945 2661 1985 2695 li-

389 2716 525 2750 centiam
536 2713 679 2757 Assyriis,
687 2724 856 2760 antequam
866 2721 1043 2760 opponeret
1056 2710 1143 2745 suum
1152 2710 1300 2744 auxilium
1310 2735 1317 2743 .
1327 2710 1368 2743 Et
1377 2710 1519 2743 videmus
1528 2710 1622 2742 etiam
1633 2708 1673 2742 sic
1682 2710 1850 2756 temperari
1863 2708 1984 2744 sermo-

391 2775 465 2798 nem
477 2761 495 2796 ὲ
507 2760 667 2807 Propheta
678 2786 687 2800 ‚
699 2771 733 2794 vt
741 2762 781 2796 ab
791 2774 853 2797 vna
863 2772 950 2810 parte
961 2760 1106 2795 ostendat
1114 2771 1180 2794 non
1195 2757 1263 2792 fore
1275 2757 1394 2806 semper
1405 2759 1579 2791 immunem
1588 2756 1757 2791 Ecclesiam
1771 2757 1790 2792 a
1799 2757 1898 2791 malis.
1915 2759 1982 2799 Vc-

390 2814 480 2847 nient
490 2821 566 2857 ergo
576 2806 694 2855 Affyrii
708 2834 717 2850 ,
728 2809 892 2845 calcabunt
908 2810 1018 2858 palatia
1028 2808 1133 2843 nostra
1142 2834 1149 2842 .
1166 2807 1242 2841 Hoc
1255 2810 1390 2840 omnino
1403 2804 1566 2839 ferendum
1581 2815 1647 2839 erat
1663 2804 1732 2838 filiis
1745 2805 1830 2846 Dei,
1841 2808 1873 2840 δι
1882 2817 1984 2853 opor-

390 2863 450 2896 tuit
458 2861 491 2894 in
499 2868 644 2904 tempore
653 2869 761 2904 parare
776 2858 896 2893 animos
911 2860 951 2893 ad
968 2858 1165 2892 tolerantiam
1177 2881 1185 2889 .
1196 2856 1257 2889 Sed
1275 2855 1382 2900 postea
1397 2852 1533 2898 sequitur
1546 2852 1723 2887 consolatio
1733 2878 1740 2886 .
1752 2853 1819 2888 Vbi
1827 2866 1904 2901 ergo
1919 2853 1982 2889 As-

387 2910 462 2955 syrii
473 2909 515 2941 ita
531 2907 763 2953 penetrauerint
778 2905 811 2938 in
827 2914 939 2940 terram
958 2906 1154 2946 nostram,&
1168 2903 1248 2938 nihil
1260 2904 1318 2936 illis
1327 2901 1461 2937 clausum
1482 2902 1530 2935 vel
1545 2901 1768 2936 absconditum
1785 2901 1899 2944 fuerit,
1910 2913 1985 2938 tan-

389 2959 464 2991 dem
477 2955 641 2990 Dominus
658 2952 752 2987 faciet
768 2963 802 2987 vt
819 2950 941 2998 surgant
953 2956 1032 2989 noui
1049 2953 1190 2988 Pastores
1217 2978 1225 2986 .
1257 2949 1420 2999 Significat
1440 2948 1597 2997 Propheta
1606 2949 1714 2994 aliquo
1730 2960 1874 2998 tempore
1884 2952 1983 2986 muti·

386 3006 453 3041 lum
478 3003 547 3039 fore
563 3014 676 3050 corpus
698 3000 812 3050 populi
827 3026 838 3044 ,
857 3003 888 3034 &
903 3003 987 3046 quasi
1004 3013 1151 3038 truncum
1168 3014 1177 3037 t
1194 3000 1283 3036 sicuti
1306 3001 1400 3035 etiam
1417 2998 1583 3045 impletum
1607 2995 1667 3032 fuit
1681 3024 1691 3041 ,
1708 2998 1803 3047 vsque
1825 3000 1904 3034 dum
1921 3011 1978 3036 te-

1824 3056 1904 3092 uersi
1912 3058 1982 3092 sunt
