2045 3466
177 2359 244 2384 toan.
256 2364 308 2391 42.
317 2364 354 2384 τι)

418 180 483 214 272
957 168 972 202 1
991 167 1027 203 N
1077 167 1107 202 A
1125 167 1163 203 M
1179 167 1214 202 o
1231 167 1252 201 s

420 237 539 293 sti-as,
564 234 721 284 stellam
742 233 917 283 deorum
949 234 1179 285 vestrorum
1210 233 1300 295 (vel
1321 233 1402 281 deos
1419 234 1590 304 veflrosss)
1605 254 1699 304 quae
1724 234 1865 283 fecistis
1887 250 1942 283 vo
1957 261 1974 269 -
1997 243 2001 247 '

422 309 484 355 bis
495 342 504 350 .

500 377 574 411 Hoc
585 376 659 411 loco
674 376 783 411 clarius
790 375 985 411 demonstrat
995 375 1155 423 Propheta
1165 374 1192 410 se
1202 387 1267 411 non
1278 373 1378 409 modo
1386 374 1613 421 reprehendere
1623 376 1654 410 in
1671 375 1812 410 Israelitis
1822 373 1977 422 hypocri-

424 426 490 467 sin,
503 426 593 473 quod
608 427 731 467 tantiim
748 426 955 461 obtruderent
968 436 1107 461 externas
1128 438 1261 474 pompas
1279 426 1353 460 Deo
1370 424 1433 459 fine
1450 438 1521 459 vera
1538 427 1654 473 pietate
1668 428 1771 461 cordis
1787 439 1795 460 ι
1812 427 1864 460 sed
1881 424 1974 460 fimul

426 480 523 511 etiam
537 478 664 511 damnat
679 476 767 523 quod
783 475 960 510 defecerant
975 476 1092 524 &Legis
1109 475 1290 525 praescripto
1301 501 1310 509 .
1360 474 1512 510 Ostendit
1525 487 1630 510 autem
1651 477 1733 512 hunc
1752 476 1899 517 morbum
1911 487 1978 513 non

427 525 488 563 effe
506 540 626 562 nouum
644 528 676 561 in
691 526 813 576 populo
832 526 998 561 Israelitico
1015 552 1026 566 ,
1042 527 1118 572 quia
1143 527 1244 560 statim
1261 526 1302 561 ab
1325 526 1421 559 initio
1444 526 1680 573 permiscuerint
1697 527 1757 562 tale
1783 526 1976 561 fermentum

427 588 530 626 patres
546 578 684 625 ipsorum
707 604 717 619 ‚
733 589 799 623 quo
817 576 881 610 Dei
901 577 1018 611 cultum
1041 578 1186 611 vitiarent
1199 603 1208 612 .
1259 575 1409 610 Ostendit
1425 578 1518 623 igitur
1540 578 1660 624 semper
1680 577 1830 612 Il‘raelitas
1852 577 1978 612 deditos

426 626 519 665 fuisse
536 627 824 675 superstitionibus,
844 640 947 674 neque
964 626 1100 676 potuiss‘e
1124 626 1189 661 vllo
1204 628 1304 661 modo
1319 628 1447 660 retineri
1462 627 1496 660 in
1514 639 1590 662 vero
1608 631 1640 670 ἀ
1662 630 1772 663 natiuo
1790 627 1854 662 Dei
1874 627 1978 669 cultu,

425 687 487 723 ⁸²1⁷?
507 688 583 725 ergo
591 677 731 723 fizcrtficia
741 676 891 719 ,immas
905 689 977 720 ,aut
993 678 1187 712 oblationem
1202 679 1395 712 aecederead
1405 689 1454 710 me
1466 674 1578 711 fecistis
1592 679 1623 711 in
1642 679 1763 714 deserto
1777 678 1950 725 quadragin
1963 701 1975 707 -

427 739 458 767 ta
476 732 585 763 annis?
636 728 820 773 Alloquitur
836 727 917 775 ipsos
930 726 993 769 acsi
1005 728 1066 761 iam
1083 728 1114 760 in
1128 726 1253 762 deserto
1267 725 1482 775 peruertiffent
1502 727 1567 762 Dei
1581 729 1700 762 cultum
1718 742 1726 763 ε
1742 740 1845 763 tamen
1863 728 1976 764 multis

425 777 497 825 post
513 776 618 813 seculis
632 778 697 811 nati
712 775 782 810 sunt
790 778 885 822 ‚Aquid
902 776 957 810 fibi
976 776 1037 810 hoc
1056 776 1141 810 vult?
1180 777 1308 825 Nempe
1318 776 1371 809 hic
1387 775 1547 821 Propheta
1559 778 1775 824 compleffltur
1792 788 1895 813 totum
1904 788 1977 815 corq

425 841 485 875 pus
503 827 613 876 populi
628 827 647 862 ὲ
667 829 766 876 prima
781 825 989 874 originezacsi
1004 828 1139 866 diceret,
1151 826 1277 868 Licebit
1286 839 1342 865 vos
1353 826 1516 860 inuoluere
1528 826 1589 862 vri-21
1606 839 1679 863 cum
1696 827 1841 863 Patribus
1856 830 1889 863 in
1899 840 1978 861 eun-

427 881 502 919 dem
517 878 695 914 fasciculum
709 904 717 913 .
728 889 801 911 nam
817 878 926 912 eadem
943 876 987 911 est
1001 880 1083 912 ratio
1098 879 1129 910 &
1142 887 1250 910 natura
1267 876 1366 911 vestra
1380 889 1451 923 quae
1473 878 1603 913 Parrum
1620 876 1699 914 fuit.
1749 879 1904 915 Videmus
1919 891 1978 912 er-

426 929 540 977 gofhie
555 929 634 962 trahi
651 928 799 962 Israelitas
813 931 846 960 in
862 937 981 962 reatum
997 926 1085 971 quod
1103 938 1169 960 non
1189 925 1312 962 tantum
1328 939 1387 960 vna
1397 937 1484 963 aetate
1502 928 1621 963 cultum
1647 929 1711 964 Dei
1733 928 1978 965 vitiauerintsuis

425 977 770 1024 ihperstitionibus,sed
785 975 826 1014 ab
842 977 951 1011 initio.
989 977 1117 1021 Qaerit
1131 986 1235 1010 autem
1252 987 1290 1008 an
1307 974 1362 1009 sibi
1377 976 1552 1012 obtulerint
1570 979 1726 1013 viffimas.
1775 978 1909 1012 Certum
1930 976 1976 1012 est

428 1030 488 1063 tale
507 1024 595 1063 fuisse
610 1025 776 1060 consilium
788 1038 908 1072 „neque
921 1027 1004 1060 enim
1016 1036 1153 1071 vnquam
1167 1024 1229 1059 auli
1239 1023 1363 1059 fiiissent
1378 1025 1530 1073 abnegare
1546 1027 1674 1067 Deum,
1684 1027 1776 1074 &quo
1785 1025 1907 1061 fuerant
1917 1039 1976 1061 nu-

426 1090 482 1125 per
498 1077 671 1123 redempti.
719 1075 760 1109 Et
776 1074 890 1109 scimus
903 1076 1056 1121 ,quamuis
1071 1074 1168 1109 multa
1182 1073 1322 1108 fabricati
1341 1072 1399 1107 fint
1420 1087 1491 1121 quae
1512 1077 1657 1110 damnata
1677 1085 1764 1110 erant
1785 1075 1870 1123 Lege
1886 1076 1972 1121 Dei,

421 1128 541 1175 semper
559 1124 672 1161 stetilsc
689 1127 721 1160 in
738 1125 799 1160 hoe
814 1126 973 1174 principio
989 1151 1000 1166 ,
1018 1125 1184 1160 colendus
1198 1124 1242 1158 est
1264 1123 1356 1157 nobis
1376 1124 1464 1158 Deus
1480 1151 1490 1167 ,
1512 1127 1567 1172 qui
1589 1138 1647 1160 nos
1662 1127 1796 1160 redemit
1817 1124 1900 1160 :imo
1918 1127 1974 1161 su-

423 1177 522 1227 perbe
541 1178 660 1217 semper
682 1177 832 1224 gloriatos
842 1173 979 1210 fuiffein
1001 1177 1057 1211 illo
1074 1187 1159 1224 patre
1176 1177 1229 1209 suo
1243 1175 1405 1209 Abraham
1421 1201 1429 1210 .
1441 1176 1616 1224 Nunquam
1633 1189 1709 1224 ergo
1726 1176 1837 1224 sponte
1854 1177 1883 1211 se
1899 1177 1975 1212 alie,

426 1226 546 1263 naffcnt
562 1226 580 1262 ὲ
600 1219 692 1267 Deo,
703 1229 758 1272 qui
777 1225 911 1271 elegerat
926 1229 957 1260 δι
976 1237 1094 1274 patrem
1112 1225 1272 1260 Abraham
1284 1229 1333 1265 ,&
1349 1226 1594 1272 ipsosinsacrum
1606 1228 1758 1274 populum
1771 1251 1780 1260 .
1818 1225 1891 1261 Imo
1899 1239 1977 1276 pau-

424 1278 457 1313 Ιὸ
473 1279 545 1312 ante
555 1279 631 1312 dixit
645 1274 928 1323 Propheta,-Aufer
943 1275 962 1311 τὶ
978 1289 1028 1311 me
1039 1277 1170 1311 :deinde
1180 1304 1187 1317 ,
1200 1275 1232 1310 Si
1242 1274 1419 1310 obtuleritis
1430 1276 1505 1310 mihi
1517 1276 1665 1312 sacrificia
1674 1303 1684 1319 ,
1694 1280 1725 1311 ἀ
1734 1287 1848 1311 munus
1857 1275 1975 1312 farina-

426 1342 515 1365 ceum
536 1340 601 1363 non
614 1326 741 1361 habebo
755 1337 841 1374 grata
852 1353 860 1362 .
913 1328 1070 1362 Videntur
1084 1327 1150 1363 haec
1166 1329 1245 1361 inter
1260 1327 1290 1362 se
1309 1339 1445 1374 pugnate
1457 1353 1465 1366 ,
1483 1329 1574 1373 quod
1594 1329 1681 1362 Deus
1697 1337 1790 1374 neget
1807 1326 1864 1362 fibi
1879 1328 1976 1363 obla-

425 1390 472 1415 tas
489 1377 578 1413 fuisse
596 1379 792 1416 vifflmas,&
808 1389 912 1413 tamen
926 1378 1010 1412 dieat
1026 1377 1082 1412 fibi
1101 1374 1208 1413 offerri
1223 1377 1241 1412 ὲ
1255 1378 1378 1425 populo
1397 1377 1585 1418 Israehnco,
1600 1379 1658 1424 qui
1680 1389 1845 1426 perperam
1865 1390 1977 1413 erexe-

425 1427 648 1475 ratprofanum
664 1429 758 1462 altare
772 1431 804 1462 ἀ
817 1428 1038 1474 adulterinum,
1048 1430 1320 1475 quemadmodum
1330 1429 1478 1462 diximus,
1530 1427 1655 1463 Solutio
1672 1428 1774 1464 facilis
1789 1428 1832 1463 est
1842 1442 1974 1477 ‚nempe

424 1485 543 1527 semper
561 1478 714 1526 populum
725 1478 800 1512 Deo
813 1475 957 1512 obtulisse
967 1476 1016 1512 sua
1024 1477 1406 1527 sacrifieia‚firespicimus
1420 1478 1498 1524 quid
1508 1477 1562 1527 ipfi
1577 1479 1751 1513 voluerint.
1794 1480 1881 1513 Nam
1891 1479 1977 1514 bona

425 1530 581 1568 intentio,
592 1539 625 1562 vt
642 1527 739 1575 vulgo
761 1528 943 1575 loquuntur,
953 1539 1083 1564 excaecat
1099 1528 1323 1577 superstitiosos
1334 1556 1343 1568 ‚
1362 1539 1395 1563 vt
1413 1540 1523 1576 magna
1540 1527 1732 1564 confidentia
1748 1541 1819 1564 cum
1834 1529 1910 1564 Deo
1926 1530 1977 1565 lu-

424 1579 915 1625 dant,ipsorumigiturrel'pe&u
930 1580 1070 1613 dicemus
1086 1577 1162 1614 Deo
1178 1577 1372 1613 sacrificasse.
1390 1582 1475 1624 atqui
1494 1589 1647 1624 quantum
1662 1580 1702 1614 ad
1721 1580 1830 1614 Deum
1847 1579 1976 1628 spectat,

424 1629 539 1665 merito
554 1639 646 1677 negat
662 1628 717 1662 fibi
736 1627 844 1664 offerri
859 1630 1017 1676 quidquid
1026 1642 1091 1664 non
1106 1630 1184 1679 pure
1198 1627 1344 1665 offertur.
1383 1630 1538 1664 Videmus
1551 1642 1627 1677 ergo
1645 1631 1816 1677 quomodo
1831 1642 1916 1665 nunc
1923 1631 1976 1665 di-

423 1692 473 1715 cat
492 1681 579 1715 Deus
595 1692 659 1714 non
676 1677 761 1714 fuiffe
779 1678 835 1714 fibi
850 1679 968 1714 oblatas
983 1681 1163 1715 victimasin
1178 1681 1319 1722 deserto,
1333 1681 1407 1727 quia
1422 1679 1535 1714 scilicet
1544 1679 1680 1728 populus
1693 1679 1883 1716 fermentum
1901 1682 1976 1716 ido-

424 1732 554 1770 lolatriae
570 1730 803 1778 permiscuerar:
823 1729 910 1764 Deus
923 1729 1122 1765 abominatus
1138 1729 1186 1765 estv
1199 1730 1282 1764 illam
1297 1729 1504 1778 corruptelam
1523 1755 1531 1763 .
1585 1731 1616 1764 H
1621 1741 1664 1765 aec
1681 1729 1724 1765 est
1743 1730 1861 1765 summa
1881 1755 1890 1765 .
1907 1731 1972 1768 Sed

424 1781 528 1816 rursus
536 1779 688 1816 obiicitur
704 1780 762 1815 alia
780 1779 930 1826 quaestio.
969 1779 1058 1813 Nam
1073 1792 1178 1827 neque
1195 1777 1389 1814 defeffioina
1404 1780 1458 1813 diu
1473 1777 1605 1827 grassata
1622 1778 1798 1826 est‚neque
1814 1780 1907 1814 etiam
1916 1791 1971 1815 to-

425 1843 472 1866 tus
490 1831 623 1880 populus
638 1830 792 1865 consensit
807 1831 838 1864 in
859 1829 1087 1866 idololatriam.
1138 1830 1210 1865 Imo
1228 1828 1420 1877 scimusquid
1433 1829 1680 1877 dicatimpostor
1696 1829 1747 1865 ille
1758 1830 1893 1872 Bileam,
1904 1844 1972 1867 non

424 1880 485 1916 else
509 1881 620 1915 scilicet
637 1881 758 1914 idolum
778 1882 811 1913 in
822 1879 918 1914 Iacob
935 1893 943 1915 :
959 1884 1103 1915 &tamen
1119 1879 1260 1927 loquitur
1269 1880 1373 1926 spiritu
1393 1880 1604 1928 prophetico,
1633 1880 1850 1916 Numerorum
1862 1880 1974 1928 vigeli-

423 1943 480 1966 mo
492 1930 746 1979 capite.testatur
762 1943 891 1979 regnare
906 1944 1015 1966 verum
1036 1955 1048 1971 ‚
1064 1934 1095 1966 de
1112 1933 1240 1965 vnicum
1259 1928 1368 1964 Deum
1385 1931 1418 1963 in
1436 1930 1531 1964 Iacob
1545 1954 1555 1969 ,
1572 1942 1674 1977 neque
1689 1930 1749 1965 esse
1768 1931 1834 1966 illie
1849 1929 1975 1967 fiffitios

424 1983 518 2017 deos·
558 1982 743 2027 Qomo-lo
756 1982 849 2029 igitur
858 1982 935 2017 dicit
947 1981 1106 2029 Propheta
1115 1981 1177 2016 illic
1191 1979 1350 2029 graffatam
1361 1977 1448 2016 fuisse
1457 1981 1680 2016 idololatriam?
1693 1979 1870 2030 Responsio
1878 1984 1975 2017 etiam

423 2032 520 2068 facilis
537 2032 579 2066 est
589 2056 598 2064 .
648 2032 734 2066 Nam
750 2031 841 2077 quod
856 2033 958 2066 maior
972 2032 1143 2066 multitudo
1157 2030 1286 2078 abrepta
1300 2029 1417 2072 fuerat,
1428 2031 1502 2065 ideo
1517 2041 1605 2072 totus
1613 2031 1749 2079 populus
1758 2030 1874 2066 merito
1881 2031 1973 2066 dam-

423 2094 517 2117 natur
534 2095 541 2115 :
562 2085 593 2115 δε
610 2093 792 2128 quanquam
810 2082 984 2115 εοττεᾶυῐη
1004 2079 1062 2115 fuit
1079 2082 1192 2116 vitium
1209 2080 1286 2115 illud
1297 2107 1305 2121 ‚
1322 2091 1426 2114 tamen
1444 2080 1573 2116 subinde
1590 2079 1698 2128 relapsi
1715 2080 1782 2114 sunt
1796 2082 1836 2116 ad
1852 2080 1916 2115 suas
1925 2080 1974 2116 su·

423 2133 623 2182 perstitiones
633 2158 641 2173 ‚
652 2142 685 2166 vt
699 2132 768 2166 satis
779 2142 890 2166 notum
905 2131 962 2165 est.
1002 2131 1076 2167 Imo
1088 2132 1121 2165 in
1130 2129 1301 2167 scortorum
1310 2132 1439 2177 gratiam
1452 2131 1617 2166 coluerunt
1633 2131 1751 2165 alienos
1760 2131 1972 2178 deos.Qum

424 2194 468 2217 ita
488 2183 523 2218 sit
534 2209 542 2223 ,
561 2194 624 2215 non
642 2184 756 2215 mirum
775 2181 817 2216 cst
837 2184 963 2228 coargui
980 2180 999 2216 ὲ
1018 2181 1177 2229 Propheta
1194 2180 1282 2227 quod
1297 2181 1371 2215 Deo
1385 2192 1450 2214 non
1459 2179 1634 2216 obtulerint
1650 2181 1970 2227 viffimaszquoniam

424 2234 540 2267 scilicet
558 2233 767 2266 contaminati
788 2241 874 2265 erant
895 2243 997 2278 prauis
1014 2230 1382 2279 superstitionibus:ideo
1398 2228 1466 2264 fieri
1483 2243 1549 2265 non
1567 2232 1691 2278 potuit,
1703 2241 1738 2266 vt
1751 2231 1926 2278 impensum
1937 2243 1972 2265 a-

424 2282 527 2329 liquid
552 2283 627 2317 Deo
641 2280 839 2316 ferrentffed
854 2283 980 2315 interim
1001 2281 1149 2316 untifuit
1161 2283 1236 2317 Deo
1245 2280 1465 2328 cultus‚quem
1485 2283 1568 2329 Lege
1576 2282 1628 2315 sua
1644 2281 1866 2323 mandauerat,
1878 2292 1912 2316 vt
1920 2282 1972 2316 di-

425 2344 510 2368 ceret
528 2338 555 2366 le
569 2331 631 2366 coli
641 2334 672 2365 in
684 2331 782 2366 Iacob
793 2358 802 2374 ‚
813 2332 1083 2378 quemadmodum
1093 2332 1188 2366 etiam
1205 2329 1348 2365 Christus
1363 2331 1439 2365 dicit
1449 2356 1459 2371 ,
1491 2331 1564 2365 Nos
1578 2328 1687 2365 scimus
1702 2331 1781 2376 quid
1790 2331 1971 2372 adoremus,

424 2382 467 2418 Et
481 2379 586 2416 tamen
605 2383 654 2415 vix
673 2380 855 2416 cenrefimus
870 2379 1001 2427 quisque
1016 2391 1080 2415 erat
1093 2381 1175 2415 inter
1195 2380 1397 2425 Iud205‚qui
1412 2379 1496 2427 spem
1512 2380 1584 2414 vitae
1597 2389 1718 2414 aeternae
1734 2378 1894 2414 foueretin
1902 2381 1972 2414 ani-

422 2446 480 2470 mo
495 2435 566 2468 suo.
587 2433 682 2466 Erant
693 2433 976 2480 Epicureiomnes,
987 2432 1036 2467 vel
1046 2430 1170 2480 profani
1182 2434 1265 2466 :imo
1282 2430 1443 2466 Sadducaei
1460 2429 1564 2479 paldm
1580 2429 1842 2478 regnabantztota
1857 2430 1971 2478 religio

422 2485 622 2524 conciderat,
639 2483 688 2519 vel
705 2482 810 2516 saltem
830 2480 871 2515 fic
889 2481 1021 2528 collapsa
1038 2492 1122 2523 erat,
1133 2491 1168 2516 vt
1181 2480 1260 2515 nihil
1275 2479 1349 2516 ess'et
1363 2481 1495 2529 amplius
1510 2481 1645 2516 sanaum
1658 2491 1736 2521 ‚nee
1750 2480 1907 2527 integrum
1919 2485 1971 2516 :&

421 2544 528 2575 tamen
544 2534 621 2568 dicit
640 2531 804 2572 Christus,
819 2530 939 2564 Scimus
947 2531 1023 2576 quid
1038 2531 1290 2565 adoremuszhoe
1307 2542 1416 2565 verum
1426 2529 1633 2577 est,respe6iu
1652 2529 1760 2576 Legis.
1803 2530 1902 2564 Nune
1917 2543 1968 2566 er,

420 2593 470 2633 go.
480 2585 623 2625 videmus
642 2581 815 2629 Prophetas
833 2579 918 2616 varie
935 2581 974 2614 de
986 2579 1094 2613 Israele
1112 2579 1201 2626 loqui
1214 2581 1294 2615 dum
1309 2580 1477 2627 respiciunt
1493 2578 1647 2628 populum
1659 2580 1787 2620 ,dicunt
1801 2577 1862 2613 esse
1872 2579 1968 2626 perfi-

420 2633 775 2681 dos‚&apostatas,qui
791 2629 892 2664 statim
910 2629 951 2663 ab
967 2630 1062 2663 initio
1078 2628 1264 2663 desciuerint
1280 2627 1300 2663 ὲ
1317 2641 1393 2664 vero
1410 2632 1441 2662 δι
1459 2629 1599 2677 legitimo
1612 2629 1675 2663 Dei
1684 2628 1787 2663 cultu.
1835 2629 1901 2666 Vbi
1912 2641 1969 2665 au·

418 2695 483 2720 tem
492 2684 719 2722 commendant
739 2681 803 2714 Dei
813 2679 1084 2726 gratiam‚dicunt
1101 2677 1164 2712 illic
1178 2678 1280 2712 lucere
1298 2690 1405 2713 verum
1425 2678 1491 2712 Dei
1508 2677 1625 2712 cultum
1637 2689 1768 2726 :nempe
1779 2678 1898 2713 etiamst
1914 2691 1967 2715 to-

419 2743 451 2767 ta
469 2733 642 2771 multitudo
659 2731 799 2779 peruersa
815 2729 870 2771 fit,
893 2729 1056 2763 Dominus
1071 2738 1175 2762 tamen
1191 2726 1305 2775 probat
1320 2728 1409 2774 quod
1428 2729 1489 2775 ipse
1505 2728 1667 2761 mandauit
1682 2754 1689 2763 .
1743 2728 1840 2762 Sicuti
1857 2729 1968 2776 Bapti-

419 2782 502 2822 smus
520 2785 639 2828 semper
661 2781 721 2815 erit
738 2779 856 2816 sacrum
872 2775 1108 2817 &inuiolabile
1125 2776 1343 2811 testimonium
1359 2786 1467 2824 gratiae
1489 2776 1556 2811 Dei
1570 2800 1580 2816 ,
1597 2775 1714 2810 etiamsi
1736 2776 1967 2811 administretur

420 2829 439 2864 ὲ
457 2829 589 2864 diabolo
603 2855 612 2871 ,
632 2827 750 2864 ctiamfi
777 2826 835 2860 lint
851 2838 960 2861 omnes
976 2827 1068 2873 impii
1093 2826 1149 2871 qui
1165 2826 1402 2871 communicant
1419 2851 1429 2866 ,
1445 2828 1477 2858 δι
1501 2825 1709 2859 contaminati
1726 2850 1735 2866 ‚
1753 2836 1907 2871 quantum
1925 2826 1966 2861 ad

423 2883 487 2916 suas
506 2881 649 2926 personas
664 2887 774 2912 attinet
786 2902 793 2910 .
813 2876 989 2923 Baptismus
1006 2876 1126 2923 semper
1149 2877 1263 2909 retinet
1283 2875 1366 2909 suam
1381 2884 1524 2908 naturam
1542 2900 1552 2916 ‚
1568 2886 1670 2920 neque
1687 2875 1836 2921 polluitur
1853 2874 1966 2909 homi..

420 2941 499 2966 num
518 2930 601 2963 vinis
618 2952 627 2962 .
697 2929 742 2961 lta
753 2927 846 2960 etiam
858 2927 898 2959 de
912 2923 1068 2960 sacrificiis
1085 2925 1256 2960 dicendum
1270 2924 1313 2959 est
1329 2951 1338 2960 .
1389 2924 1489 2958 Nunc
1505 2925 1599 2971 igitur
1613 2924 1711 2958 redeo
1724 2926 1763 2960 ad
1780 2934 1964 2960 contextum

420 2979 591 3026 Prophetae
609 3004 619 3020 ,
633 2983 694 3012 ,An
712 2975 852 3010 obtuliffls
867 2976 936 3010 mihi
958 2975 1089 3010 viflz'mn
1104 2975 1187 3008 annis
1207 2973 1398 3022 quadraginta
1417 2976 1450 3009 in
1469 2973 1574 3020 defirto
1592 2979 1603 3007 ξ
1655 2973 1826 3021 Exaggerat
1844 2975 1964 3010 crimen

421 3029 639 3064 circunstantia
653 3024 920 3074 temporis‚qu‹¹)d
938 3023 1046 3059 incluli
1062 3023 1125 3058 illie
1139 3025 1172 3057 in
1187 3024 1327 3058 custodia
1343 3033 1405 3057 tam
1424 3026 1504 3058 aresta
1519 3027 1550 3058 ἀ
1566 3024 1686 3066 seuera,
1704 3033 1810 3058 tamen
1825 3022 1964 3059 defluxe-

416 3081 479 3112 rint
490 3078 559 3126 post
578 3075 642 3112 suas
656 3074 887 3126 superstitiones
902 3099 911 3110 .
962 3074 1004 3123 Et
1034 3072 1118 3108 certe
1143 3072 1206 3108 hoc
1222 3071 1282 3108 fuit
1302 3071 1453 3108 horribile
1469 3081 1654 3121 portentum
1672 3084 1680 3106 ε
1706 3072 1798 3108 Deus
1819 3074 1963 3119 quotidie

1906 3132 1964 3168 12²·
