2045 3466
167 1772 321 1806 esaiae-27

368 2492 414 2545 ¹3j

399 167 467 202 '232
1083 153 1153 190 IN
1192 153 1375 189 AMOS

405 218 572 274 Propheta
581 219 729 270 intelligit
740 215 946 256 comi-nuncin
955 218 1026 254 fore
1041 218 1209 252 interitum
1220 216 1409 265 proceribus
1423 219 1455 250 &
1469 217 1618 265 gregariis
1629 243 1639 259 ‚
1648 215 1738 252 ita·vt
1746 216 1762 252 ιὶ
1771 219 1907 254 minimo
1918 219 1982 256 --vss

404 289 468 322 que
479 276 517 308 ad
527 274 696 306 maximum
713 283 824 305 omnes
841 279 987 319 pereant.
1004 267 1089 300 Hinc
1102 265 1280 314 colligimus
1297 275 1415 311 quanta
1423 264 1521 300 fuerit
1535 268 1706 314 corruptio
1722 268 1755 300 in
1772 268 1896 316 populo
1905 269 1982 312 illo,

403 326 479 370 quia
489 324 579 356 Deus
589 332 714 368 poenam
725 331 791 353 non
798 316 972 366 sumpsisset
979 315 1034 350 nifi
1045 317 1083 349 de
1095 314 1259 348 sceleratis.
1271 313 1422 359 Sequitur
1433 326 1510 361 ergo
1520 317 1706 360 aequitatcm
1715 313 1808 350 fuiffe
1818 316 1938 363 vbique
1947 330 1984 359 ετ

404 372 575 412 uersam‚&
584 370 832 403 omnesordmes
840 379 917 401 tunc
925 363 1018 399 fuiffe
1028 365 1203 404 vitiatos,&
1213 361 1562 409 corruptos.Sequitur,
1598 400 1601 403 .
1982 363 1984 366 '

481 467 545 504 An
561 472 719 505 current
735 457 775 501 in
792 473 890 520 rupe
900 452 994 519 equi
1005 456 1018 497 ξ
1031 470 1082 498 an
1093 446 1266 497 arabitur
1274 450 1406 495 bobus
1423 449 1498 510 (ch
1508 486 1519 504 .,
1531 470 1574 496 cm
1584 446 1869 519 arabitquispiam
1877 459 1912 503 in
1919 453 1986 502 boss

412 526 493 582 bus,
504 528 566 595 scd
575 533 655 593 quia
672 526 726 572 (H
737 523 880 570 verbum
891 523 1106 584 indefinitum
1118 559 1129 576 ,
1140 521 1216 565 ideo
1224 534 1326 564 vciro
1340 521 1628 585 impersonaliter:
1641 540 1686 566 cm
1701 541 1785 588 ergo
1799 528 1914 570 aratio
1913 525 1987 585 fiet

407 595 533 650 hobus,
547 614 668 661 nempe
681 598 716 640 in
728 595 837 659 rupe?
854 593 869 653 )
882 590 977 658 quia
986 587 1151 639 vertistis
1161 591 1205 634 in
1213 587 1266 634 fel
1280 585 1476 634 iudicium
1493 625 1504 645 ,
1520 597 1561 636 ὃς
1575 589 1756 637 fructum
1771 590 1928 640 iustitia:
1942 593 1986 640 sn

403 664 676 730 absynthium.

544 757 642 793 Hunc
651 760 746 792 etiam
756 755 882 791 versum
891 766 1048 803 torquent
1064 755 1252 804 interpretes
1262 768 1268 789 :
1278 756 1351 802 quia
1361 752 1459 800 aliqui
1468 749 1646 787 existimant
1662 753 1709 787 his
1722 753 1831 803 figuris
1844 754 1991 804 Prophe⁴

412 818 480 840 tam
496 807 669 856 intelligere
681 807 838 855 populum
856 804 917 840 esse
930 806 1057 854 prorsus
1073 806 1222 839 inutilem
1230 806 1269 838 ad
1281 817 1377 839 omne
1392 804 1533 843 bonum,
1545 804 1822 846 quemadmodum
1837 803 1990 848 dicitille,

413 856 522 904 Optat
539 857 688 904 ephippia
698 856 756 890 bos
767 857 855 902 piger
864 881 874 894 ‚
887 863 979 900 optat
987 866 1076 887 arare
1085 853 1222 887 caballus
1232 881 1239 887 .
1260 852 1380 887 Putant
1391 854 1485 900 igitur
1495 850 1580 883 hunc
1595 850 1716 884 sensum
1726 851 1786 886 esse
1797 853 1989 896 verborum,

411 905 495 944 Non
503 907 601 953 magis
611 906 722 938 idonei
732 903 802 936 estis
810 904 849 935 ad
860 902 940 935 recte
951 903 1140 943 viuendum,
1152 901 1250 947 qudm
1259 914 1359 946 equus
1370 904 1408 935 ad
1420 899 1612 934 currendum
1620 901 1651 932 in
1660 911 1751 946 rupe,
1763 902 1815 934 vel
1824 901 1884 936 bos
1893 903 1990 943 etiam

413 954 455 987 ad
472 957 624 987 arandum
636 956 667 986 in
682 964 761 999 rupe
772 979 780 985 .
803 950 869 984 Alii
885 960 1000 998 putant
1009 952 1166 995 conqueri
1183 948 1425 998 Prophetamdc
1441 958 1515 981 toto
1529 948 1775 981 ordinenaturae
1789 949 1992 992 labefactam,

414 1001 475 1036 acfi
484 1003 607 1036 diceret
617 1027 628 1042 ‚
639 1013 694 1034 vos
704 1002 836 1048 perinde
846 999 993 1032 turbastis
1003 1011 1132 1031 omnem
1141 1000 1323 1045 aequitatem
1332 1025 1343 1038 ,
1353 997 1539 1031 modestiam
1549 1022 1558 1037 ,
1569 998 1617 1029 ius
1626 1000 1656 1029 <Sc
1667 995 1712 1030 fas
1724 998 1865 1044 denique
1873 1002 1994 1033 euerti-

414 1050 468 1084 stis
477 1076 485 1092 ‚
496 1063 530 1084 ac
540 1050 560 1082 fi
571 1052 641 1095 quis
650 1061 776 1083 currere
787 1047 932 1082 celeriter
941 1047 1037 1080 vellet
1045 1049 1077 1079 in
1089 1059 1168 1095 rupe
1178 1045 1296 1080 excelsa
1307 1073 1315 1088 ‚
1326 1046 1420 1092 liquis
1430 1047 1523 1080 etiam
1532 1044 1627 1079 vellet
1637 1057 1725 1078 arare
1737 1058 1743 1078 :
1753 1046 1816 1080 hoc
1824 1046 1867 1080 est
1879 1058 1995 1095 praeter

412 1100 627 1133 naturani.Sic
636 1110 714 1145 ergo
725 1109 783 1130 vos
791 1096 861 1129 estis
871 1095 1012 1128 monstra
1025 1121 1031 1128 .
1042 1095 1109 1128 Alii
1117 1094 1299 1143 intelligunt
1308 1096 1361 1128 hic
1371 1093 1567 1142 prophetam
1578 1094 1747 1138 conqueri,
1755 1093 1846 1140 quod
1855 1095 1944 1131 ludat
1955 1109 1996 1129 o-

414 1160 525 1196 peram
535 1173 544 1188 ,
554 1150 631 1193 quia
645 1147 746 1179 surdis
760 1145 900 1178 fiilvulam
915 1154 1024 1184 canat,
1034 1154 1070 1177 vt
1081 1145 1199 1178 dicitur
1209 1144 1332 1192 vulgari
1341 1142 1518 1192 prouerbio
1528 1155 1535 1174 2
1547 1142 1643 1185 Qid
1651 1154 1712 1189 ego
1722 1142 1861 1189 proficio
1869 1146 1955 1192 apud
1963 1147 1976 1178 i
1985 1165 1995 1173 .

413 1196 493 1229 stam
501 1207 629 1244 gentem
639 1194 773 1228 ferream
785 1201 795 1227 ἒ
807 1192 944 1226 Perinde
954 1192 997 1225 est
1008 1192 1065 1225 acfi
1075 1195 1147 1238 quis
1158 1192 1234 1226 velit
1243 1194 1385 1238 equitare
1395 1194 1427 1224 in
1437 1204 1514 1239 rupe
1524 1217 1535 1231 ‚
1545 1190 1608 1224 hoc
1617 1189 1674 1231 cst,
1685 1192 1779 1224 celeri
1790 1202 1878 1237 equo
1886 1193 1996 1234 ascen-

414 1246 491 1278 dere
499 1246 538 1278 ad
549 1255 670 1292 rupem:
680 1242 773 1288 siquis
786 1244 881 1275 etiam
891 1241 970 1275 velit
980 1241 1044 1274 illic
1053 1241 1219 1282 arare,hoc
1228 1240 1271 1274 est
1282 1240 1478 1288 impossibile
1489 1268 1497 1275 ,
1507 1238 1558 1272 Sic
1566 1241 1661 1272 etiam
1670 1251 1753 1273 nunc
1761 1241 1839 1274 dum
1848 1242 1996 1290 compel-

413 1293 448 1325 lo
461 1292 605 1340 stupidos
615 1292 690 1325 istos
700 1291 844 1323 homines
853 1316 862 1330 ‚
871 1289 977 1322 nullus
985 1289 1028 1322 est
1037 1288 1156 1322 fruc‘tus
1166 1289 1284 1323 laboris
1292 1292 1378 1329 mei,
1388 1288 1439 1321 vcl
1449 1288 1575 1322 nullum
1585 1287 1628 1320 est
1644 1299 1750 1335 operte
1760 1291 1898 1336 pretium
1907 1316 1914 1323 .
1931 1290 1996 1325 Sed

415 1342 593 1377 videndum
604 1340 660 1380 est,
668 1351 775 1372 annon
785 1335 964 1386 poss'etelici
975 1340 1081 1385 aptior
1093 1341 1124 1370 ὃ(
1135 1339 1343 1371 commodior
1351 1337 1466 1371 sensus.
1477 1339 1542 1370 lam
1553 1335 1685 1370 antehac
1694 1338 1833 1371 vidimus
1841 1338 1938 1383 qudm
1947 1339 1998 1372 se·-

415 1391 485 1425 curi
500 1389 620 1423 Fuerint
639 1387 784 1422 Israelitae
795 1415 802 1422 .
830 1385 991 1420 Putabam
1007 1388 1094 1419 enim
1109 1382 1219 1420 Deum
1230 1386 1287 1420 sibi
1304 1383 1363 1420 effe
1379 1386 1627 1431 quodammodo
1642 1384 1936 1432 obstri&um,quia
1952 1382 1993 1420 fiss

404 1441 490 1473 ‘dem
502 1439 633 1471 dederat
641 1436 671 1470 se
680 1436 740 1469 illis
749 1438 781 1468 in
794 1445 915 1483 patrem
924 1434 1005 1468 fore.
1017 1434 1168 1482 Adoptio
1176 1435 1334 1482 igiturilla
1345 1436 1409 1469 Dei
1418 1433 1549 1467 inflabat
1559 1444 1672 1467 eorum
1681 1435 1805 1467 animos
1816 1462 1823 1469 .
1834 1435 1900 1469 Iam
1911 1434 1998 1476 Pro,-

415 1488 512 1535 pheta
521 1485 638 1519 refellit
646 1485 825 1533 peruersam
832 1483 918 1516 illam
926 1482 1175 1524 securitatem,&
1184 1482 1378 1532 appositezztn
1389 1483 1641 1531 poterit,inquit,
1653 1494 1778 1516 currere
1787 1496 1887 1529 equus
1896 1487 1929 1517 in
1940 1497 1999 1519 ru-

416 1536 474 1583 pe?
481 1547 518 1568 an
528 1537 650 1582 poterit
661 1536 757 1567 etiam
766 1532 824 1566 bos
843 1544 928 1565 arare
938 1533 970 1563 in
985 1532 1060 1565 loco
1077 1531 1187 1564 saxoso
1197 1533 1211 1566 ,ἓ
1236 1532 1287 1565 Sic
1295 1532 1400 1565 nullus
1410 1530 1453 1565 est
1467 1531 1573 1564 cursus
1584 1528 1815 1564 beneficiorum
1832 1533 1899 1566 Dei
1908 1534 1998 1580 apud

414 1582 651 1619 vos.Debuistis
662 1585 744 1616 enim
753 1579 813 1615 effe
823 1582 963 1621 vinea,&
972 1592 1046 1628 ager
1058 1581 1208 1614 Domini:
1219 1580 1331 1614 debuit
1342 1581 1427 1628 apud
1438 1591 1496 1613 vos
1505 1590 1636 1627 regnare
1645 1578 1777 1619 iustitia,
1787 1583 1818 1612 δι
1826 1581 1997 1616 iudicium.

411 1633 484 1668 'Vos
495 1643 600 1666 autem
607 1632 734 1666 vertistis
743 1629 874 1664 iudicium
883 1633 912 1663 in
921 1630 965 1672 fel
973 1655 982 1670 ,
994 1630 1039 1663 vel
1046 1630 1079 1661 in
1091 1641 1253 1662 venenum
1260 1640 1346 1670 ,wa-1
1357 1630 1442 1663 enim
1451 1628 1535 1661 varie
1544 1628 1709 1675 accipitur.
1721 1627 1783 1661 Sed
1793 1641 1861 1673 quo
1871 1631 1911 1663 ad
1921 1630 1996 1663 sen-

410 1681 482 1716 sum
492 1693 604 1729 parum
612 1678 742 1714 interest
753 1705 759 1712 .
779 1679 920 1714 Vertiflis
929 1678 1026 1724 igitur
1034 1676 1163 1711 iudicium
1169 1680 1200 1712 in
1202 1678 1254 1719 fel,
1263 1679 1447 1716 &iuffiriam
1453 1679 1484 1710 in
1491 1676 1663 1722 absynthium
1674 1703 1680 1710 .
1714 1676 1832 1721 Qum
1841 1690 1919 1726 ergo
1929 1689 1996 1713 tam

412 1730 478 1765 sitis
487 1728 623 1778 peruersi
633 1754 642 1771 ‚
654 1726 739 1762 certe
748 1725 872 1761 occlusa
881 1725 925 1759 est
933 1727 984 1758 via
994 1724 1058 1758 Dei
1067 1724 1346 1759 benediffionibus
1357 1738 1363 1758 ε
1373 1724 1443 1758 fieri
1452 1737 1519 1758 non
1529 1723 1651 1772 potest,
1662 1734 1698 1757 vt
1708 1723 1872 1759 Dominus
1882 1724 1997 1775 pergat

411 1778 574 1813 suifimilis
582 1774 642 1811 esse
651 1788 724 1824 erga
734 1787 792 1809 vos
806 1800 815 1816 ,
825 1775 901 1819 quia
909 1771 1030 1807 neccsse
1042 1773 1085 1806 est
1093 1786 1166 1807 eum
1180 1773 1379 1822 praefrafium
1390 1772 1449 1807 effe
1458 1785 1530 1821 erga
1541 1771 1722 1820 praefraClos
1732 1799 1743 1813 ‚
1753 1772 1997 1809 ficutimansue—

414 1839 466 1862 tus
478 1827 521 1860 est
531 1839 604 1874 erga
612 1826 793 1858 mansuetos
805 1849 812 1857 .
832 1824 972 1857 Videtur
983 1821 1062 1855 mihi
1072 1821 1236 1870 Propheta
1243 1822 1307 1856 hoc
1315 1822 1412 1856 velle.
1429 1822 1470 1856 Et
1479 1822 1574 1867 siquis
1583 1820 1646 1854 fine
1655 1823 1866 1857 contentione
1874 1836 1995 1871 expen-

414 1878 471 1910 dat
479 1885 586 1908 totum
596 1874 733 1913 versum,
745 1871 836 1905 facile
843 1872 981 1919 reperiet
990 1872 1082 1916 quod
1091 1871 1166 1904 dico
1176 1896 1185 1912 ‚
1195 1869 1393 1919 prophetam
1403 1871 1523 1904 scilicet
1534 1871 1588 1904 hic
1597 1869 1736 1903 refutare
1744 1869 1893 1917 supinum
1903 1871 1995 1906 illum

413 1924 530 1959 fastum
541 1922 655 1971 populi
665 1921 842 1961 Israelitici,
852 1922 909 1965 qui
920 1920 1029 1952 Deum
1039 1918 1095 1953 sibi
1103 1919 1283 1953 obnoxium
1294 1919 1354 1954 effe
1365 1919 1508 1967 putabat,
1519 1931 1620 1964 quum
1629 1928 1734 1951 tamen
1743 1918 1829 1964 quali
1835 1921 1906 1955 data
1916 1932 1998 1968 ope..

414 1974 536 2007 rairam
544 1973 611 2005 eius
619 1971 652 2002 in
659 1969 689 2003 se
701 1978 921 2016 prouocarent
931 1993 938 2000 .
952 1969 1021 2003 Vos
1033 1969 1276 2015 inquit,putatis
1285 1969 1394 2002 Deum
1402 1968 1526 2014 semper
1539 1966 1635 2002 vobis
1643 1965 1714 2000 fore
1723 1969 1920 2015 propitium:
1934 1962 1998 2004 νηὶ

416 2024 457 2056 de
465 2021 533 2055 haec
540 2019 658 2054 fiducia
668 2019 681 2052 ξ
691 2019 766 2063 quia
776 2017 895 2051 scilicet
905 2029 963 2050 vos
970 2017 1152 2064 adoptauit,
1162 2017 1237 2062 quia
1247 2015 1350 2050 foedus
1360 2017 1481 2064 pepigit
1489 2028 1560 2050 cum
1571 2014 1715 2063 patribus
1724 2014 1930 2058 vestris‚esto:
1941 2018 1997 2054 sed

417 2071 547 2104 interim
555 2068 647 2115 quale
658 2066 785 2100 estillud
796 2066 898 2111 ?quid
906 2064 1040 2099 vicissim
1050 2066 1068 2099 ὰ
1077 2064 1171 2098 vobis
1180 2065 1348 2112 stipulatur
1359 2071 1373 2098 ζ
1381 2077 1488 2098 nonne
1500 2079 1517 2099 v
1525 2065 1660 2111 tintegri
1671 2063 1733 2097 sitis
1742 2065 1775 2098 in
1786 2065 1851 2098 eius
1861 2065 1997 2114 conspe-

410 2119 470 2153 &u
480 2119 494 2153 ἓ
505 2125 536 2155 V
538 2132 566 2152 os
575 2128 665 2151 amem
673 2115 802 2149 mutastis
810 2113 939 2148 iudicium
948 2115 1218 2156 irzfi¹l,<5iufliti.1m
1224 2113 1435 2159 i7z.1l3[y71tl2i1‹›n
1444 2139 1452 2147 .
1483 2113 1599 2158 Qum
1611 2124 1689 2159 ergo
1698 2113 1741 2146 ita
1751 2112 1813 2146 fitis
1821 2112 1997 2163 foedifragi,

416 2169 498 2214 quid
506 2168 571 2209 iam
587 2165 681 2199 faciet
694 2165 784 2197 Deus
794 2170 805 2197 ἓ
816 2161 955 2197 vultisne
965 2162 1065 2210 ipsum
1079 2174 1208 2210 pergere
1223 2162 1355 2196 incursu
1365 2162 1492 2196 suarum
1501 2161 1782 2195 benediehonum?
1792 2173 1858 2196 non
1869 2163 1949 2196 datis
1957 2164 1998 2196 11-
2039 2156 2044 2174 ³

414 2217 454 2250 lis
462 2217 549 2251 viam
557 2240 565 2248 .
597 2213 678 2246 Estis
687 2214 772 2246 enim
783 2211 870 2246 velut
880 2223 972 2258 rupes
981 2212 1126 2256 quaedam
1134 2211 1259 2258 asperae.
1270 2211 1360 2244 Deus
1369 2210 1542 2255 quomodo
1556 2209 1749 2243 curret?hoc
1758 2210 1814 2252 est,
1823 2213 1998 2256 quomodo

414 2265 538 2313 poterit
546 2275 618 2311 erga
627 2274 684 2296 vos
693 2259 847 2295 beneficia
857 2260 909 2293 sua
918 2261 1082 2306 proloqui?
1093 2271 1160 2292 non
1169 2261 1267 2306 magis
1276 2258 1361 2293 certe
1373 2257 1469 2303 quain]
1481 2258 1619 2302 equusin
1627 2259 1818 2304 rupe,etiam
1826 2258 1847 2291 fi
1857 2259 1949 2294 valde
1957 2259 1996 2295 fit

407 2312 502 2361 ,agilis
512 2337 522 2354 ,
533 2313 655 2360 poterit
670 2309 814 2344 celeriter
828 2320 953 2343 currere
963 2324 971 2341 :
981 2319 1047 2340 non
1057 2309 1154 2355 magis
1164 2307 1261 2353 quiuii
1271 2307 1330 2340 bos
1347 2308 1468 2353 poterit
1476 2318 1563 2339 arare
1574 2307 1605 2338 in
1617 2317 1696 2352 rupe
1703 2308 1797 2339 ctiam
1808 2335 1815 2341 .
1832 2307 1932 2342 Nunc
1939 2321 1992 2342 er-

412 2373 457 2409 go
466 2370 611 2394 tenemus
621 2359 700 2404 quid
711 2357 788 2391 velit
798 2357 945 2390 hocloco
954 2354 1198 2403 Propheta.lani
1207 2355 1351 2402 sequitur
1359 2352 1656 2389 confirmatioillius
1665 2353 1876 2396 lententiae,&
1886 2368 1921 2389 ex
1932 2368 1997 2392 con

412 2419 506 2452 *textu
515 2408 619 2443 adhuc
630 2407 741 2440 clarius
750 2405 872 2453 patebit
883 2405 1081 2439 verissimum
1090 2401 1151 2437 effe
1160 2405 1251 2450 quod
1260 2405 1337 2438 dixi.

481 2479 670 2528 Gaudetis
680 2481 721 2525 in
738 2498 823 2525 non
840 2498 879 2525 re
897 2480 986 2539 (boc
994 2479 1052 2523 eff
1063 2513 1074 2533 ,
1084 2480 1118 2524 in
1132 2477 1262 2540 nihilo)
1277 2477 1407 2526 dicitis
1417 2515 1429 2535 ,
1443 2486 1597 2524 Annon
1610 2476 1653 2522 in
1669 2476 1906 2525 fortitudine
1915 2499 1994 2526 no-

408 2551 488 2601 stra
501 2549 729 2598 sustulimus
745 2548 862 2594 nobis
878 2550 1044 2594 cornua?
1712 2564 1713 2567 ¹

530 2642 667 2691 Optime
676 2641 816 2683 coliaeret
825 2640 876 2674 hic
888 2640 994 2674 versus
1006 2653 1078 2673 cum
1096 2638 1283 2688 proximo,si
1295 2649 1438 2673 tenemus
1446 2638 1568 2672 sensum
1581 2638 1669 2672 illum
1679 2651 1774 2684 quem
1782 2639 1877 2674 attuli
1887 2668 1894 2675 .
1905 2640 1993 2674 Nam

419 2687 587 2741 Propheta
601 2693 717 2725 iterum
730 2690 894 2723 inuehitur
911 2699 1023 2722 contra
1034 2688 1177 2722 securum
1193 2687 1283 2721 illum
1298 2699 1519 2736 contemptum
1530 2713 1541 2728 ‚
1558 2699 1626 2733 quo
1644 2687 1814 2735 turgebant
1832 2688 1990 2724 Il'raelitae.

404 2741 692 2785 ,Gauden‘s,inqu1't,
701 2743 766 2774 inre
777 2739 873 2772 nil-ili.
908 2737 935 2770 V
942 2747 1013 2770 ocat
1023 2749 1089 2770 rem
1100 2737 1190 2770 nihili
1202 2736 1338 2770 fallacias
1346 2749 1469 2776 omnes,
1480 2735 1596 2781 quibus
1605 2733 1714 2770 fucum
1724 2735 1994 2777 facereiblcbanr,

422 2803 491 2825 non
499 2788 623 2822 tantum
633 2788 768 2829 aliis‚scd
781 2789 875 2820 etiam
887 2785 952 2819 libi.
963 2785 997 2817 N
1001 2798 1049 2818 am
1060 2785 1240 2833 hypocrita:
1249 2797 1316 2818 non
1324 2784 1446 2819 tantum
1457 2784 1618 2818 obit-stant
1628 2782 1706 2818 falso
1715 2796 1836 2817 nomen
1844 2785 1928 2826 Dei,
1936 2785 1991 2820 sed

416 2841 514 2874 etiam
521 2836 582 2870 sese
591 2836 748 2870 illecebris
764 2837 929 2881 decipiunt
939 2860 949 2873 ‚
960 2835 1037 2867 dum
1046 2836 1207 2881 arripiunt
1215 2846 1334 2867 nomen
1345 2832 1489 2867 Ecclesiae
1500 2858 1509 2873 ‚
1522 2834 1688 2866 &inanem
1698 2831 1829 2865 titulum
1837 2831 1990 2880 adoptio-

414 2889 511 2929 nis,&
518 2885 641 2930 reliqua
652 2882 871 2917 oninia.Sicuti
881 2883 977 2915 hodie
989 2883 1134 2916 videmus
1142 2881 1275 2930 papistas
1283 2883 1322 2915 dc
1332 2881 1434 2914 nihilo
1443 2878 1648 2914 inflatosesse:
1659 2892 1726 2913 non
1733 2879 1856 2913 tantum
1865 2880 1994 2916 sacrilo-

415 2949 457 2984 ga
466 2935 596 2969 audacia
607 2941 762 2977 torquent
772 2930 905 2965 verbum
917 2931 981 2964 Dei
995 2941 1108 2963 contra
1115 2942 1174 2963 nos
1186 2956 1194 2971 ‚
1205 2940 1240 2964 vt
1248 2931 1419 2963 videantur
1427 2927 1487 2962 csse
1501 2929 1640 2976 legitima
1652 2927 1786 2962 Ecclesia
1794 2955 1805 2969 ‚
1814 2928 1866 2962 sed
1874 2928 1992 2977 seipsos

417 2984 583 3018 obdurant
592 3007 599 3015 .
608 2980 649 3013 Et
660 2980 793 3026 quanuis
804 2979 934 3026 pessime
944 2977 999 3011 libi
1008 2977 1067 3012 sint
1075 2979 1206 3018 conscii,
1215 2988 1322 3011 tamen
1330 2978 1532 3011 indormiunt
1540 2976 1605 3008 istis
1612 2976 1786 3020 blanditiis,
1798 2977 1881 3010 Non
1891 2975 1992 3025 paffus

417 3028 525 3067 fuisset
539 3031 628 3064 Deus
638 3027 806 3061 Ecclesiam
817 3026 902 3059 suam
914 3037 1035 3059 errare.
1049 3026 1153 3072 Atqui
1167 3038 1226 3059 uos
1236 3025 1404 3074 Apostolis
1415 3025 1629 3059 successimus.
1650 3025 1737 3072 Ergo
1746 3026 1991 3071 quanuis³multa

414 3078 476 3115 fint
483 3080 568 3127 apud
576 3090 635 3113 nos
645 3078 722 3113 vitia
733 3079 762 3110 ἃ
770 3074 959 3122 corruptela:
968 3099 978 3115 ‚
993 3083 1098 3108 tamen
1108 3075 1199 3109 Deus
1210 3085 1318 3109 manet
1325 3073 1492 3109 nobiscum
1502 3101 1509 3110 ,
1530 3073 1573 3108 Et
1582 3075 1765 3120 quicunque
1774 3085 1841 3108 non
1848 3073 1991 3110 sentiunt

463 3129 474 3130 ‘⁷
1315 3124 1318 3125 ⁷
1406 3123 1411 3125 ’
1878 3120 1990 3156 nobis-
