2045 3466
154 1167 213 1193 Eze.
223 1171 315 1200 34.e.i7

384 62 458 103 684
939 53 1008 88 1N
1058 51 1485 87 ZACHARIAM

387 125 479 172 impii
489 123 626 169 pastores
633 119 779 155 authores
789 117 856 152 sunt
865 118 1006 152 interitus
1016 115 1133 150 aliis-Et
1140 116 1216 151 alibi
1225 119 1317 152 etiam
1329 117 1465 150 vidimus
1472 113 1584 149 fimiles
1592 113 1692 156 locos,
1703 115 1759 150 vbi
1772 116 1862 151 Deus
1873 118 1974 153 mina-

387 188 436 211 tus
445 174 487 208 est
496 168 718 207 Sacerdotibus
729 172 759 202 δε
771 167 949 214 Prophetis,
957 166 1011 212 qui
1020 165 1098 199 male
1109 164 1204 199 funffl
1213 160 1300 199 erant
1307 162 1432 206 officio,
1444 163 1607 209 specialem
1621 176 1748 210 poenam
1760 190 1768 198 .
1791 165 1914 201 Interea
1925 178 1974 201 ta-

389 224 439 259 me
450 235 515 256 non
525 220 657 254 absoluit
672 218 780 264 vulgus
790 216 976 263 ipsumtquia
987 214 1004 247 ὲ,
1016 215 1149 247 minimo
1160 214 1253 260 vsque
1263 215 1304 248 ad
1315 213 1485 246 maximum
1499 224 1610 246 omnes
1620 215 1665 246 rei
1677 217 1972 259 eranr.atqueetiam

390 282 509 307 eertum
520 271 562 302 est
570 279 696 315 poenam
707 265 736 299 su
743 269 784 298 mi
793 267 832 299 de
841 265 1008 297 hominum
1022 264 1219 296 contumacia
1227 272 1281 296 aut
1289 262 1405 295 malitia
1420 288 1428 302 ‚
1438 264 1563 307 quoties
1572 262 1659 294 Deus
1668 260 1746 295 laxat
1764 261 1894 298 fraenum
1904 265 1973 299 dia-

389 320 479 359 bolo,
486 329 518 352 vt
527 317 607 351 fallat
618 329 671 363 per
679 316 795 361 impios
805 314 965 347 dodones.
998 309 1098 344 Nunc
1106 323 1182 358 ergo
1191 312 1335 345 videmus
1344 310 1489 344 ordinem
1499 309 1682 357 Prophetae:
1691 311 1784 344 initio
1793 313 1901 358 capitis
1911 314 1974 347 do-

389 368 594 410 culsslssdaeOS
603 376 704 400 carere
713 364 802 397 omni
813 359 1022 405 excusatione,
1035 361 1188 404 quoniam
1199 357 1331 406 prolapsi
1342 357 1399 391 sint
1410 359 1489 392 iteri]
1499 358 1538 392 ad
1547 359 1612 392 suas
1621 357 1863 405 superstitiones,
1873 373 1972 406 quum

389 430 495 453 tamen
504 414 583 449 adeo
594 414 728 461 grauiter
737 411 815 443 vltus
823 408 924 443 fuisset
936 409 1024 441 Deus
1032 408 1142 442 scelera
1151 419 1288 455 patrum,
1299 408 1381 440 &ita
1391 407 1468 440 nihil
1480 405 1670 453 profecerint
1680 433 1688 441 .
1718 407 1869 442 Ostendit
1879 412 1973 445 etiam

389 465 532 516 Pefflefs&
541 463 622 510 ipsos
632 459 768 500 facere-*25
784 460 856 492 Deo
865 456 1127 503 obstrepic‚qubd
1137 456 1272 490 tenuiter
1280 455 1362 502 ipsos
1369 455 1429 489 alat
1439 456 1487 490 vel
1495 455 1798 502 maligne,quoniam
1811 468 1911 503 neque
1919 471 1974 493 ex..

388 518 512 564 petitent
521 513 560 547 ab
572 511 752 559 ipso‚neque
767 505 909 554 precibus
918 505 1058 552 flagitent
1065 505 1153 550 quod
1163 502 1226 551 ipse
1234 505 1308 538 dare
1318 502 1429 550 sponte
1439 514 1561 551 paratus
1569 513 1642 537 erat.
1651 503 1825 549 Postquam
1833 517 1909 552 ergo
1917 518 1973 553 ge..

388 565 534 600 neraliter
543 561 677 595 inuet‘ius
686 557 727 590 est
741 555 899 602 Propheta
908 556 940 587 in
953 554 1103 587 malitiam
1112 554 1208 586 totius
1218 552 1340 600 populi,
1348 556 1407 586 iarn
1418 553 1597 600 aggreditur
1607 553 1721 600 impios
1730 554 1924 595 Sacerdotes,
1935 567 1973 590 ac

387 611 589 648 dicitinstare
600 607 807 642 vifitationem
824 615 888 637 tam
898 601 1072 650 pastoribus
1080 601 1174 648 qusim
1185 602 1292 635 hircis.
1303 601 1412 635 tribuit
1422 613 1539 635 nornen
1549 600 1714 636 Pastorum
1722 602 1803 649 lupis
1813 627 1823 641 ,
1831 604 1923 648 quod
1937 617 1973 638 e-

387 665 463 696 tiam
475 661 540 694 satis
548 657 672 704 vulgare
683 655 724 689 est
734 681 739 687 .
750 655 790 687 Et
798 654 869 686 hinc
878 654 970 686 etiam
981 651 1122 698 produnt
1130 650 1288 684 stultitiam
1298 650 1380 683 suam
1392 649 1532 697 Papistae,
1548 650 1627 685 dum
1638 650 1791 698 arripiunt
1804 653 1902 686 nudas
1910 664 1973 687 vo-

387 723 437 745 ces
446 736 454 750 ,
464 714 494 743 δι
503 715 648 753 arrogant
656 704 712 738 fibi
721 714 850 737 ornnem
861 700 1046 748 potestatem
1056 726 1064 741 ‚
1076 700 1150 745 quia
1165 709 1316 733 vocentur
1330 698 1470 732 pastores
1479 700 1511 731 in
1522 698 1655 733 Ecclesia
1664 724 1672 732 .
1691 699 1777 745 quasi
1788 699 1864 734 vero
1875 700 1975 735 Anti-

388 758 517 794 christus
532 769 599 790 non
615 754 795 787 dominetur
803 753 836 784 in
851 749 971 795 templo
983 748 1065 782 Dei.
1075 761 1114 781 an
1124 746 1301 781 honorifice
1318 747 1370 781 hic
1379 747 1519 792 loquitur
1535 747 1693 781 Zacharias
1710 749 1749 782 de
1759 748 1971 785 nebulonibus

388 808 516 852 illis,qui
525 802 692 839 Ecclesiam
702 801 765 834 Dei
775 797 957 846 perdebant?
966 796 1035 830 imo
1043 795 1218 843 grauissime
1229 807 1282 830 eos
1289 796 1512 841 accusat,quod
1522 797 1590 830 dissi
1597 806 1671 842 pent
1679 808 1715 830 ac
1725 795 1910 843 pessundent
1919 809 1973 833 to-

389 868 456 890 tum
469 856 534 890 Dei
542 852 803 900 regnumzinterea
813 857 916 880 tamen
926 857 1017 880 vocat
1029 844 1292 891 Pastores‚nempe
1301 846 1372 890 quia
1383 844 1488 878 locum
1498 844 1656 891 pastorum
1667 844 1828 886 tenebant,
1838 849 1973 891 quanujg

389 902 568 952 longissime
576 898 711 935 abessent
721 897 739 931 ὰ
751 896 858 937 fide‚&
868 895 960 928 etiarn
968 891 1110 928 officium
1118 892 1205 927 suum
1215 894 1297 926 nulla
1308 895 1338 926 in
1349 903 1434 940 parte
1443 891 1588 927 facerent.
1601 891 1661 926 Per
1670 893 1901 928 concessionem
1910 897 1973 942 igi-

391 964 443 989 tur
454 952 594 987 pastores
603 957 710 988 vocat,
721 946 776 992 qui
786 945 824 978 ad
836 943 1006 991 regendum
1017 941 1171 990 populum
1180 943 1286 976 vocati
1295 954 1381 975 erant
1389 945 1419 975 δε
1429 942 1546 987 quibus
1554 941 1705 975 diuinitus
1723 952 1825 989 partes
1834 943 1895 978 illae
1901 935 1974 979 ἤιε-ἔ

390 1001 612 1037 τᾶηῑὶηἰαηᾶκ
625 998 756 1030 :interea
766 993 952 1041 pronuntiat
965 992 1053 1025 Deus
1062 988 1090 1025 se
1102 990 1296 1024 visitaturum
1306 990 1395 1038 super
1407 991 1493 1028 illos,
1503 989 1662 1036 quiaiuste
1671 989 1740 1037 ipfis
1747 990 1926 1026 succenseat.
1939 992 1974 1026 I-

388 1053 462 1086 dem
471 1048 615 1095 adiungit
624 1047 663 1080 de
674 1044 783 1078 hircis:
793 1053 858 1087 quo
868 1041 997 1075 nomine
1005 1039 1222 1086 metaphorice
1233 1038 1382 1087 fignificat
1393 1065 1402 1080 ,
1415 1040 1594 1085 quicunque
1605 1050 1640 1072 ex
1655 1040 1768 1073 ordine
1778 1040 1972 1087 gubernato-

387 1113 458 1136 rum
474 1108 561 1133 erant
571 1123 580 1138 ,
592 1094 706 1138 velqui
717 1091 880 1139 pollebant
899 1090 1049 1136 dignitate
1059 1089 1162 1134 aliqua
1178 1088 1267 1135 supra
1283 1088 1394 1135 vulgus
1410 1086 1508 1133 ipsum
1520 1099 1527 1120 ε
1537 1085 1625 1120 sicuti
1636 1089 1719 1134 apud
1727 1088 1803 1122 alios
1811 1092 1920 1133 etiam,
1934 1102 1972 1126 ac

388 1148 559 1196 praesertim
572 1144 655 1191 apud
664 1139 864 1176 Ezechielem
876 1139 966 1172 Hirci
975 1148 1127 1171 vocantur
1138 1138 1193 1182 qui
1202 1137 1348 1171 iniuriam
1358 1135 1452 1170 faciut
1461 1135 1620 1176 ouibus‚&
1631 1135 1970 1182 petulanterinsultant.

389 1199 439 1232 Sic
449 1208 525 1244 ergo
533 1194 675 1238 adiungit
684 1191 801 1224 Hircos
817 1186 1097 1231 Pastoribu5‚quod
1108 1196 1215 1219 tenues
1223 1189 1252 1219 δι
1264 1185 1377 1232 plebeii
1387 1185 1530 1219 homines
1537 1182 1658 1232 abrepti
1667 1182 1830 1220 fuissentin
1840 1187 1973 1222 exitium

388 1258 499 1281 eorum
510 1244 607 1289 culpa.
622 1241 708 1273 Hinc
719 1237 796 1271 vero
805 1246 943 1284 apparet,
952 1234 1048 1281 quam
1058 1235 1148 1268 chara
1160 1233 1194 1268 sit
1204 1233 1280 1268 Deo
1289 1234 1362 1267 salus
1372 1234 1537 1267 hominum
1550 1259 1559 1274 ,
1569 1236 1721 1278 quoniam
1734 1234 1904 1269 vindistam
1913 1236 1972 1271 de-

388 1296 511 1329 nuntiat
520 1288 695 1336 pastoribus
707 1314 715 1327 ,
727 1287 781 1332 qui
790 1295 893 1319 tamen
902 1297 966 1318 non
977 1293 1173 1319 exercuerant
1183 1283 1380 1329 tyrannidem
1390 1282 1472 1316 suam
1482 1281 1539 1315 nisi
1547 1293 1619 1327 erga
1636 1282 1782 1316 homines
1797 1284 1909 1331 dignos
1917 1285 1971 1319 tali

389 1356 490 1392 poena.
504 1342 577 1376 Fuit
588 1338 673 1373 enirn
684 1336 751 1370 haec
762 1334 838 1368 iusta
849 1345 964 1367 merces
973 1333 1133 1373 scelerum,
1144 1331 1230 1378 quod
1243 1332 1403 1366 Dominus
1413 1331 1514 1365 voluit
1521 1328 1643 1377 grassari
1655 1331 1746 1377 lupos
1756 1332 1914 1379 pastorum
1921 1335 1974 1369 lo·

388 1404 429 1428 co
442 1419 449 1426 .
463 1392 514 1425 sed
523 1387 671 1436 quanqua'i
685 1385 744 1419 tale
753 1382 937 1430 supplicium
948 1382 1052 1414 meriti
1061 1379 1156 1414 essent
1167 1381 1369 1421 ludaei,Deus
1378 1380 1460 1414 tarne
1469 1381 1607 1413 iraleitur
1617 1377 1804 1426 pastoribus,
1817 1383 1972 1427 quonjam

387 1443 420 1476 in
430 1452 541 1488 genere
556 1438 675 1483 semper
683 1433 823 1467 solicitus
832 1431 875 1465 est
883 1429 980 1464 desua
991 1429 1184 1464 Ecclesia-Et
1194 1432 1273 1464 ratio
1285 1431 1376 1464 etiam
1387 1430 1495 1464 additu
1501 1430 1593 1475 requiri
1604 1426 1726 1472 visitabit
1734 1429 1968 1480 Deusfiopergre-

384 1490 541 1539 gmsuum,
552 1485 667 1531 inquit,
677 1494 791 1528 nempe
802 1481 935 1514 domum
950 1478 1089 1512 lehudah
1099 1490 1106 1511 :
1117 1478 1202 1523 quasi
1212 1479 1328 1512 diceret
1343 1479 1371 1512 se
1381 1490 1445 1511 non
1456 1477 1606 1524 respicere
1615 1476 1721 1522 quales
1729 1476 1788 1512 fint
1798 1479 1908 1522 Iudaei,
1918 1480 1972 1516 sed

386 1540 539 1572 rationem
550 1533 662 1569 habere
674 1531 732 1565 suae
742 1528 899 1564 elefflonis
908 1550 916 1558 .
926 1528 1000 1561 Deo
1009 1528 1092 1560 enim
1103 1526 1220 1572 semper
1235 1526 1367 1570 adoptio
1375 1525 1423 1559 sua
1435 1523 1568 1573 pretiosa
1581 1525 1624 1558 est
1635 1528 1807 1570 :quoniam
1825 1528 1972 1575 dignamg

385 1587 487 1622 fuerat
495 1583 647 1632 populum
660 1580 746 1614 illum
756 1574 950 1624 eligerefitri
961 1573 1049 1606 aliter
1058 1585 1123 1606 non
1132 1575 1328 1619 potuit,quin
1339 1576 1460 1608 ruinam
1469 1575 1533 1609 eius
1542 1574 1671 1620 indigne
1680 1572 1907 1622 ferret.Qum
1919 1590 1971 1612 ef.

385 1647 428 1682 go
438 1635 558 1668 videret
570 1628 735 1666 Ecclefiim
746 1626 826 1657 surm
839 1624 879 1656 ita
889 1621 946 1656 effe
957 1623 1109 1668 perditam
1123 1622 1212 1668 culpa
1222 1623 1381 1669 pastorum
1392 1649 1400 1663 ‚
1412 1624 1486 1657 ideo
1498 1622 1619 1656 causam
1629 1622 1843 1658 hant-:adducit
1851 1623 1967 1662 futurae

387 1682 543 1718 vindiaaex
555 1682 628 1724 quia
636 1674 716 1708 ferre
725 1682 859 1716 nequeat
868 1672 998 1718 gratiam
1008 1671 1090 1703 suam
1103 1671 1134 1703 in
1144 1671 1274 1705 nihilum
1286 1673 1385 1718 redigi
1395 1698 1401 1705 .
1411 1683 1514 1717 neque
1522 1673 1606 1705 enim
1614 1670 1748 1705 dubium
1759 1670 1814 1713 est,
1824 1674 1901 1719 quin
1915 1674 1970 1710 hic

385 1735 617 1766 commemoret
624 1724 756 1758 domum
768 1720 909 1754 Ichudah
920 1746 930 1762 ,
939 1720 1091 1765 quoniam
1104 1719 1250 1752 extulerat
1258 1720 1412 1766 populum
1422 1720 1510 1752 illum
1521 1744 1530 1760 ,
1540 1719 1625 1753 &ita
1641 1719 1839 1755 dedicauerat
1849 1721 1924 1762 fibi,
1935 1733 1971 1759 vt

385 1780 479 1815 vellet
487 1777 525 1811 ab
537 1775 605 1823 ipso
615 1772 675 1807 coli
688 1799 694 1806 .
706 1771 790 1817 Ergo
801 1769 834 1802 hi
841 1782 853 1802 e
865 1771 981 1802 excutit
991 1766 1069 1801 falsis
1077 1767 1250 1815 pastoribus
1263 1780 1392 1801 omnem
1401 1777 1582 1816 praetextum
1590 1767 1794 1803 excusationis
1805 1794 1816 1809 ‚
1825 1770 1901 1805 dum
1910 1783 1972 1819 op-

386 1829 479 1877 ponit
490 1825 571 1860 suam
583 1816 867 1864 eleffionem2qual'1
881 1819 1010 1857 diceret,
1023 1816 1142 1851 etiarnsi
1153 1817 1286 1864 populus
1296 1816 1350 1850 iste
1358 1817 1472 1851 centies
1480 1828 1530 1850 me
1539 1818 1801 1864 prouocauerit,&
1809 1819 1923 1866 dignus
1933 1819 1971 1855 fit

385 1877 470 1911 mille
482 1872 635 1908 mortibus
645 1883 652 1904 ε
663 1881 721 1916 ego
732 1879 837 1901 tamen
847 1866 932 1900 volui
943 1878 1001 1899 vos
1010 1863 1069 1899 effe
1080 1865 1226 1912 pastores.
1236 1866 1308 1911 quia
1319 1866 1434 1899 domus
1447 1864 1587 1898 Iehudah
1595 1864 1672 1898 mihi
1681 1867 1761 1900 sacra
1769 1865 1830 1901 fuit
1838 1893 1846 1902 .
1860 1867 1970 1904 Caete-

384 1925 455 1959 rhm
465 1924 522 1956 alis
532 1922 573 1956 est
584 1920 684 1968 gregis
694 1915 826 1952 visitatio
835 1913 930 1961 quam
940 1913 1189 1962 pastorum,quia
1198 1912 1287 1948 Deus
1293 1925 1427 1948 armatus
1436 1912 1538 1947 visitat
1545 1913 1708 1962 reprobos,
1719 1917 1749 1948 δι
1761 1914 1862 1950 visitat
1871 1917 1967 1952 etiam

385 1973 542 2014 suos‚dum
558 1970 625 2003 vult
635 1969 690 2000 illis
698 1964 845 2013 opitulari
853 1988 861 1998 .
886 1963 952 1996 Iam
963 1961 1098 1997 vifitatio
1107 1963 1208 2010 gregis
1215 1960 1347 1996 refertur
1364 1963 1403 1996 ad
1412 1971 1511 1996 totam
1522 1963 1654 1996 domurn
1665 1961 1805 1997 Iehudah
1818 1976 1827 1998 ι
1842 1964 1893 2000 sed
1902 1965 1967 2001 hoc

384 2016 708 2067 fitiqflemfflmOdUm
718 2014 781 2048 dmi
789 2040 798 2054 ‚
809 2013 952 2060 gratuitae
962 2012 1140 2057 adoptionis
1148 2011 1281 2059 respeetu
1291 2033 1299 2043 .
1309 2013 1429 2046 Interea
1441 2010 1603 2044 Dominus
1612 2009 1711 2058 paffus
1719 2011 1762 2045 est
1771 2013 1888 2048 multos
1895 2026 1968 2049 rue—

384 2072 460 2106 rein
470 2069 597 2102 exitium
606 2089 616 2103 ,
626 2065 700 2111 quia
710 2062 833 2096 tantiim
846 2061 957 2094 eleetos
967 2059 1035 2094 suos
1044 2060 1191 2094 redemit.
1202 2060 1252 2093 sed
1262 2060 1326 2094 haec
1338 2060 1430 2093 etiam
1441 2058 1592 2104 loquendi
1603 2060 1686 2094 ratio
1703 2060 1812 2107 passim
1826 2064 1967 2098 occurrit

384 2120 470 2167 apud
482 2115 655 2163 Prophetas
665 2140 673 2155 ,
683 2109 771 2158 quod
784 2111 869 2144 Deus
879 2109 950 2144 velit
961 2109 1133 2143 succurrere
1144 2106 1213 2142 filiis
1226 2108 1359 2142 Abrahae
1369 2134 1377 2148 ,
1387 2108 1438 2141 sed
1447 2107 1592 2155 intelligit
1610 2120 1665 2142 eos
1683 2109 1738 2154 qui
1753 2108 1827 2144 vere
1837 2110 1904 2145 sunt
1921 2112 1968 2145 ls-

384 2168 579 2207 raelitae,non
589 2159 925 2209 degeneres-Adiungit
934 2156 1003 2192 fore
1010 2156 1097 2203 quafi
1106 2169 1204 2204 equum
1211 2155 1316 2191 decoris
1323 2157 1447 2204 inpraelio
1459 2183 1467 2191 .
1481 2156 1562 2189 Non
1569 2155 1702 2191 dubium
1711 2156 1756 2190 est
1763 2159 1842 2203 quin
1852 2158 1967 2194 subau-

384 2217 498 2251 dienda
514 2213 550 2247 sit
566 2208 724 2246 antithesis
732 2209 812 2241 inter
821 2219 917 2252 equos
926 2207 1049 2240 decoris
1059 2231 1069 2246 ‚
1080 2206 1128 2239 vel
1137 2205 1247 2247 asinos,
1258 2206 1306 2239 vel
1315 2205 1413 2239 boues
1421 2230 1429 2238 .
1441 2203 1580 2239 Pastores
1590 2206 1674 2238 enim
1684 2204 1729 2238 illi
1738 2207 1793 2252 qui
1804 2208 1965 2254 tyrannia}

384 2261 599 2312 oppresserant
610 2260 675 2293 Dei
692 2255 846 2304 populum
856 2281 867 2295 ,
876 2255 987 2289 similes
994 2256 1142 2289 dicuntur
1152 2255 1295 2289 violentis
1305 2252 1465 2288 sessoribus
1473 2280 1480 2294 ‚
1492 2254 1547 2299 qui
1557 2254 1696 2299 equitant
1705 2251 1795 2302 super
1804 2254 1905 2290 afinos
1914 2282 1924 2299 ,
1932 2261 1966 2291 ec

385 2325 439 2348 eos
446 2307 660 2346 contumeloFe
672 2305 864 2341 tradantzvel
876 2303 984 2337 similes
994 2302 1177 2338 hominibus
1187 2303 1408 2351 pf*cuari1s‚qui
1419 2301 1515 2336 boues
1523 2303 1653 2336 “afflant
1664 2300 1807 2349 asperius·
1818 2303 1907 2339 Deus
1915 2317 1968 2339 er-

385 2374 428 2409 go
439 2361 516 2394 dicit
525 2357 551 2392 se
563 2356 639 2391 velle
648 2356 786 2401 equitare
796 2353 882 2400 super
892 2352 1044 2400 populum
1057 2353 1154 2392 suum,
1166 2352 1214 2384 secl
1224 2351 1285 2385 alio
1294 2353 1406 2390 modo,
1417 2361 1530 2397 nempe
1537 2349 1806 2396 quemadmodum
1816 2364 1910 2398 eques
1917 2355 1969 2392 in-

385 2410 463 2444 sidet
473 2419 557 2454 equo
567 2407 622 2439 suo
631 2400 809 2451 magnifice,
820 2401 916 2447 sdque
924 2402 956 2435 in
966 2398 1120 2447 dieprxlii.
1136 2413 1209 2434 nam
1221 2401 1321 2447 Reges
1330 2398 1385 2447 ipsi
1395 2426 1404 2441 ‚
1414 2398 1435 2433 fi
1443 2400 1475 2432 in
1485 2399 1592 2446 praelio
1600 2399 1840 2434 conscenderint
1847 2413 1966 2447 equum

382 2452 518 2503 aliquem
529 2482 538 2497 ‚
548 2453 655 2502 postea
664 2451 774 2487 volunt
786 2449 908 2497 optime
917 2450 1037 2488 curari,
1046 2451 1076 2482 δε
1087 2460 1229 2495 magnam
1241 2453 1333 2482 etiam
1343 2448 1571 2482 solicitudinem
1584 2458 1658 2494 geru
1664 2457 1697 2480 nt
1706 2475 1715 2490 ‚
1726 2460 1783 2482 nec
1793 2460 1964 2496 grauantur

385 2508 493 2542 venire
503 2507 534 2538 in
544 2502 711 2541 stabulum,
724 2508 757 2533 vt
766 2499 885 2545 aspeetu
895 2496 987 2536 su0‚s1
997 2495 1062 2531 fieri
1074 2497 1289 2543 potest‚equos
1298 2496 1366 2530 suos
1375 2497 1485 2531 lautius
1494 2506 1603 2530 curent
1613 2497 1803 2530 uastandos.
1817 2497 1906 2532 Deus
1914 2511 1967 2534 er-

383 2568 427 2603 go
436 2555 498 2588 hoe
509 2552 609 2586 modo
617 2547 769 2598 fignificat
779 2550 807 2580 se
815 2546 946 2592 quidem
955 2545 1076 2592 exigere
1085 2545 1102 2580 ὰ
1119 2545 1241 2592 populo
1250 2546 1306 2602 sug
1315 2544 1502 2590 obsequium
1512 2569 1523 2584 ‚
1532 2548 1564 2578 ὃ(
1572 2543 1600 2578 se
1611 2544 1688 2578 velle
1696 2545 1743 2578 ius
1751 2544 1837 2579 suum
1847 2548 1965 2582 retine-

383 2613 467 2646 re,vt
475 2601 558 2648 quasi
570 2602 603 2633 in
618 2597 740 2646 populo
748 2595 803 2630 illo
812 2595 947 2641 equitet:
958 2594 1008 2628 sed
1018 2594 1162 2629 tamense
1171 2593 1255 2628 nolle
1263 2592 1417 2641 populum
1429 2594 1625 2640 opprimere:
1636 2594 1712 2638 quin
1729 2594 1842 2639 potius'
1850 2593 1906 2628 fibi
1919 2596 1966 2630 es-

384 2653 413 2687 se
430 2651 561 2685 similem
579 2659 664 2694 equo
685 2643 855 2692 magnifico
865 2668 873 2676 .
916 2642 1015 2677 Nunc
1031 2654 1107 2691 ergo
1122 2652 1263 2677 tenemus
1280 2654 1336 2675 cur
1355 2640 1514 2689 Propheta
1532 2641 1700 2689 specialiter
1717 2641 1891 2676 sermonem
1907 2643 1963 2680 hie

384 2702 424 2736 ad
441 2699 529 2733 falsos
544 2697 679 2746 pastores
701 2702 865 2729 conuertat
880 2703 888 2726 ι
923 2703 991 2726 non
1006 2702 1039 2727 vt
1054 2701 1198 2726 extenuet
1215 2690 1340 2738 culpam
1357 2700 1456 2725 totius
1472 2690 1601 2738 populi,
1611 2691 1684 2736 quia
1694 2696 1791 2725 nemo
1807 2692 1899 2725 venia
1911 2693 1965 2727 di..

387 2761 465 2797 gnus
475 2746 709 2791 erat.Sequitur:
724 2760 728 2763 <

347 2845 374 2878 4
437 2829 501 2876 Ab
517 2846 566 2874 eo
581 2824 773 2893 angulus,
790 2825 841 2872 ab
858 2843 906 2872 eo
916 2823 1062 2880 clauus,
1077 2823 1129 2871 ab
1144 2841 1194 2870 eo
1204 2841 1314 2870 arcus
1329 2820 1447 2878 belli,
1457 2821 1508 2870 ab
1519 2840 1569 2870 eo
1583 2817 1812 2888 egredietur
1826 2822 1964 2874 omnis

388 2902 552 2946 exaetor
566 2896 723 2962 pariter.

462 2991 527 3025 Hic
542 2987 709 3025 confirmat
725 2987 902 3034 proximam
918 2985 1101 3021 sententiam
1110 3010 1122 3026 ‚
1131 2985 1181 3021 sed
1201 2984 1268 3020 aliis
1281 2982 1387 3034 figuris
1396 3009 1404 3017 .
1417 2983 1508 3019 Dicit
1522 2984 1606 3018 enim
1620 2982 1742 3018 iudaeos
1755 2981 1826 3018 fore'
1840 2983 1966 3032 optime

1855 3044 1965 3068 flmm-

1921 3118 1932 3132 Ι
