2045 3466
704 88 930 126 CAPVT
988 90 1036 126 11.
1662 112 1719 143 τος

132 149 287 185 exhibitus
301 150 395 187 fuerit
411 148 554 185 Christus
568 151 690 185 mundo
700 178 708 191 ‚
727 148 835 186 scimus
852 165 916 187 non
934 151 1023 186 fuisse
1039 152 1205 200 impletum
1224 158 1311 200 quod
1326 157 1380 192 hic
1397 158 1553 193 scribitur.
1576 155 1619 190 Et
1639 155 1720 194 Pro-

129 201 222 246 pheta
239 202 331 235 etiam
348 201 555 234 concionatur
575 212 659 233 nunc
678 200 718 233 de
737 212 819 233 noua
843 200 987 235 Ecclesiae
1003 201 1200 236 restitutione
1211 229 1222 243 ,
1232 217 1326 249 quam
1349 208 1460 242 scimus
1481 206 1570 242 fiiiffe
1594 205 1717 254 suspen-

127 248 190 282 sam
208 248 303 295 Vsque
319 249 358 282 ad
375 248 631 296 praedicationem
645 248 807 294 Euangelii
818 275 824 281 .
836 250 920 296 Ergo
928 262 1013 284 nunc
1028 251 1202 285 videndum
1215 253 1257 285 est
1266 279 1277 292 ,
1286 267 1325 287 an
1334 256 1462 291 Christo
1472 256 1612 292 exhibito
1624 260 1655 292 D
1664 270 1720 291 eus

125 297 300 344 prQstiteri't
321 296 412 341 quod
432 295 504 330 ante
521 309 576 343 per
593 296 786 343 Propheram
807 299 893 330 suum
917 299 1036 332 dixerat
1047 325 1054 333 .
1071 298 1181 332 Petrus
1198 300 1267 333 secu
1274 304 1339 336 ndo
1353 306 1453 351 capite
1473 306 1626 342 Αᾶοηιιη
1640 335 1649 349 ,
1664 307 1716 339 di-

125 345 377 393 citprophetiam
394 345 473 378 hanc
488 345 649 391 impletam
667 342 756 378 fuiffe
770 357 870 389 quum
888 345 993 379 missus
1008 347 1051 380 est
1068 347 1202 394 Spiritus
1215 373 1222 382 .
1237 349 1299 383 Sed
1316 363 1400 385 nunc
1412 353 1512 398 posset
1523 353 1619 390 objici
1631 384 1638 398 ‚
1651 366 1717 390 non

127 393 216 429 fuisse
226 406 336 432 omnes
354 395 503 439 praeditos
520 394 609 427 dono
625 393 799 441 prophetiae
808 419 817 432 ,
825 395 918 428 etiam
937 407 1034 441 quum
1048 396 1137 429 Deus
1147 397 1312 444 explicauit
1327 411 1436 433 omnes
1446 405 1550 448 gratia:
1569 404 1629 439 suae
1649 406 1717 439 the-

122 443 337 487 sauros:quum
347 441 481 477 maxime
491 441 597 476 floruit
607 442 750 482 Ecclesia,
760 451 865 477 tamen
876 455 940 476 non
951 453 1062 477 omnes
1071 453 1146 478 tunc
1160 443 1248 479 fuisse
1261 446 1435 494 Prophetas
1444 473 1452 487 ‚
1466 449 1575 485 Paulus
1584 455 1657 487 dicit
1668 467 1675 488 ι
1685 457 1716 485 δε

121 493 186 537 ipsa
194 494 287 526 etiam
298 493 486 539 experientia
498 490 624 525 clamat.
638 491 822 535 Qomodo
838 493 936 538 igitur
945 493 1022 526 dicit
1033 491 1142 526 Petrus
1156 493 1218 528 hoc
1235 492 1496 542 fuiffeimpletiirn
1507 525 1516 540 ,
1529 504 1614 544 qnod
1630 503 1718 536 Deus

119 539 267 577 effiiderit
275 540 365 588 ssiper
373 551 501 574 omnem
512 550 636 574 carnem
645 540 796 586 'Spiritum
805 539 1087 587 suurn?Responfio
1097 553 1161 574 non
1175 541 1312 577 difficilis
1321 544 1376 584 est,
1388 546 1488 580 modo
1498 547 1534 580 sci
1543 562 1624 583 imus
1634 550 1717 584 Pro-

119 591 246 639 phetam
256 589 309 623 hic
320 590 464 623 locutum
474 586 534 622 effe
542 587 808 634 comparatiiie,vt
819 589 977 635 Scriptura
987 589 1080 623 solet.
1090 589 1170 622 Non
1180 604 1255 639 crgo
1265 593 1388 639 praecise²
1396 592 1532 628 affirmat
1543 609 1655 632 ornnes
1666 598 1716 632 so-

118 653 153 674 re
166 638 431 687 participeshuius
439 637 518 670 doni
528 649 535 669 z
545 636 595 670 sed
607 636 742 683 respeRu
754 639 867 672 veteris
877 636 1021 671 Ecclefiae
1036 637 1097 671 hoc
1108 639 1228 673 donum
1247 639 1317 675 fore
1331 641 1416 688 quasi
1434 643 1595 691 publicum
1608 672 1615 687 ‚
1627 647 1716 681 ficiiii

119 690 184 723 hoc
191 687 260 722 satis
267 697 378 721 notum
388 685 529 720 est-Nam
541 684 632 730 liquis
642 683 782 719 conferat
792 686 902 719 statum
913 687 1023 720 veteris
1041 686 1186 721 Ecclefiae
1194 700 1265 722 cum
1275 691 1435 737 opulentia
1446 692 1508 733 illa,
1522 706 1615 738 quam
1628 696 1716 730 Deus

115 737 244 785 iargitus
253 734 295 770 est
302 733 360 769 suis
368 733 438 781 post
449 733 567 767 Christi
575 733 634 768 adu
640 734 848 775 entum,certe
856 736 991 781 reperiet
998 736 1085 781 quod
1095 736 1169 769 dico
1178 762 1186 777 ‚
1196 748 1310 785 nempe
1320 734 1447 774 effusum
1465 739 1553 776 fuisse
1564 742 1713 790 Spiritum

118 787 185 821 Dei
193 785 282 832 super
290 783 421 818 ornnem
432 783 627 829 carnem‚qui
636 780 741 829 paucis
749 783 868 816 tantum
882 785 971 817 datus
979 782 1077 818 fuerat
1085 784 1140 817 sub
1148 787 1365 833 Lege.Verum
1377 787 1418 821 est
1430 790 1523 835 igitur
1532 794 1620 836 quod
1634 792 1714 826 Pro-

116 834 211 882 pheta
219 831 412 873 dicit‚modo
421 830 622 866 subaudiatur
631 831 680 865 illa
689 830 854 873 antithesis,
866 833 954 878 quod
963 831 1080 867 scilicet
1089 833 1179 867 Deus
1189 834 1291 868 multo
1301 834 1392 870 fuerit
1407 836 1563 873 liberalior
1571 853 1641 888 erg-a
1651 854 1694 875 no
1703 860 1713 866 -

113 893 190 917 uam
201 881 371 916 Ecclefiam
382 907 391 923 ,
402 879 497 926 quam
507 880 583 914 olim
593 891 664 928 erga
676 878 782 914 Patres
790 906 797 913 .
809 881 927 927 Neque
935 881 1018 915 enirn
1029 881 1120 915 multi
1129 891 1203 917 tunc
1218 882 1340 918 fuerant
1349 883 1534 931 Prophctae:
1547 889 1595 922 sed
1610 891 1713 935 plures

112 930 245 966 fixerunt
251 930 308 969 sub
318 929 493 977 Euangelio
501 955 508 962 .
517 928 558 963 Et
568 927 656 961 fimul
665 930 836 964 tenendum
849 930 904 972 est,
914 929 1107 978 Prophetam
1117 930 1323 978 hyperbolice
1331 934 1479 969 extollere
1495 935 1558 970 Dei
1568 940 1710 983 gratiam:

114 981 190 1026 quia
197 989 302 1014 tantus
313 978 356 1013 est
370 978 480 1025 stupor
491 976 613 1018 noster,
625 981 657 1011 δι
666 979 793 1012 tarditas
804 1004 813 1021 ‚
825 989 859 1014 vt
873 991 1036 1026 nunquam
1047 979 1116 1014 satis
1130 981 1402 1027 apprehendamus
1413 983 1478 1018 Dei
1496 988 1624 1030 gratiam
1635 1013 1643 1027 ‚
1654 987 1711 1020 nili

138 1041 215 1063 uum
223 1027 316 1062 nobis
324 1027 514 1076 proponitur
522 1024 577 1060 sub
587 1024 690 1073 figuris
699 1026 852 1072 loquendi
869 1026 1101 1076 hyperbolicis.
1114 1029 1197 1063 Non
1210 1029 1253 1063 est
1266 1031 1396 1075 quidem
1406 1031 1538 1068 excessus
1548 1035 1580 1067 in
1589 1036 1708 1082 reipsa,

110 1043 276 1113 gestemus
284 1076 354 1111 satis
362 1076 473 1109 attenti
483 1087 491 1108 z
500 1074 552 1108 sed
566 1078 638 1119 quia
649 1077 699 1109 vix
717 1076 915 1110 centesimam
932 1087 1052 1124 partem
1064 1077 1328 1125 apprehendimus
1340 1081 1500 1116 donorum
1513 1083 1577 1116 Dei
1591 1109 1599 1123 ‚
1611 1083 1662 1116 vbi
1673 1097 1709 1117 ea

108 1125 208 1161 'nobis
218 1125 371 1173 proponit
379 1134 451 1158 ante
460 1122 573 1159 oculos
583 1135 590 1156 ε
599 1123 673 1158 ideo
683 1121 803 1159 necesse
812 1125 854 1160 est
863 1127 1010 1160 accedere
1025 1126 1107 1162 hanc
1114 1128 1427 1163 commendationem
1439 1155 1448 1171 ‚
1459 1141 1529 1175 quae
1540 1133 1637 1165 sensus
1647 1145 1709 1166 no-

109 1175 190 1209 stros
198 1168 332 1209 attollarl
341 1173 376 1208 H
389 1171 559 1220 'perbolice
568 1172 661 1218 igitur
670 1173 793 1220 cogitur
802 1174 893 1220 loqui
908 1173 1040 1222 Spiritus
1048 1175 1113 1208 Dei
1121 1187 1250 1224 propter
1258 1175 1398 1212 nostrum
1409 1181 1635 1225 torporem,vel
1648 1193 1709 1229 po..

109 1225 174 1258 tius
181 1223 370 1258 socordiam.
399 1223 540 1255 tinterea
548 1233 614 1254 non
625 1222 802 1257 timendum
811 1223 857 1256 est
865 1247 874 1261 ,
883 1234 922 1256 ne
930 1222 1033 1256 sensus
1041 1223 1145 1258 noster
1160 1225 1357 1260 transcendat
1367 1226 1460 1261 verba
1473 1227 1539 1275 ipsa
1549 1241 1555 1262 :
1565 1230 1638 1274 quia
1654 1229 1707 1266 vbi

106 1272 201 1320 {upra
208 1272 306 1307 coelos
320 1270 408 1306 volet
417 1282 476 1304 nos
494 1270 584 1304 Deus
595 1267 703 1305 efferre
713 1297 722 1312 ,
733 1271 784 1304 vix
793 1271 966 1318 poterimus
977 1271 1188 1307 conscendere
1198 1284 1258 1307 tres
1274 1273 1324 1308 vel
1335 1285 1470 1321 quatuor
1478 1278 1572 1323 pedes
1581 1304 1589 1312 .
1608 1279 1708 1313 Nunc

109 1334 187 1369 ergo
195 1331 337 1355 tenemus
350 1331 405 1354 cur
416 1318 576 1366 Propheta
586 1318 638 1354 hic
645 1331 774 1353 omnem
784 1332 911 1354 carnem
927 1318 990 1354 fine
999 1323 1181 1367 exceptione
1189 1323 1351 1356 nominet.
1362 1323 1485 1367 Primo,
1494 1330 1690 1369 quemadmo
1698 1345 1708 1351 ·

110 1371 187 1404 dum
198 1369 377 1415 dixi,plures
385 1366 511 1403 fuerunt
523 1367 692 1415 Propheta:
707 1367 760 1402 sub
771 1368 945 1416 Euangelio
957 1395 964 1408 ‚
974 1367 1070 1414 quaim
1082 1368 1138 1404 sub
1145 1372 1226 1417 Lege
1237 1384 1243 1404 ε
1254 1384 1329 1418 ergo
1337 1377 1536 1420 comparatio
1549 1375 1603 1408 ista
1621 1378 1707 1416 opti-

107 1418 160 1454 me
169 1417 466 1454 conuenit.Deinde
476 1416 531 1450 hic
546 1416 706 1464 Propheta
716 1429 782 1451 nori
797 1417 938 1463 loquitur
945 1418 985 1451 de
994 1416 1123 1465 publico
1131 1431 1259 1453 munere
1275 1422 1414 1455 docendi
1425 1447 1432 1462 ,
1443 1424 1514 1468 quia
1533 1417 1707 1470 Prophetas

108 1479 204 1503 vocar
211 1493 222 1507 ,
231 1468 326 1501 etiarn
333 1467 390 1512 qui
397 1478 463 1500 non
473 1475 561 1499 erant
570 1467 675 1500 vocati
687 1467 725 1499 ad
735 1467 874 1500 docendi
881 1478 1005 1501 munus:
1014 1466 1065 1500 sed
1074 1467 1130 1512 qui
1139 1468 1260 1514 praediti
1273 1479 1359 1503 erant
1368 1480 1452 1504 tanta
1465 1472 1614 1508 doetrinae
1621 1473 1704 1515 luce,

107 1526 146 1553 vt
152 1514 278 1564 possent
287 1514 457 1562 Prophetis
467 1513 610 1549 conferri.
617 1514 656 1548 Et
666 1514 750 1549 certe
760 1516 906 1563 cognitio
913 1527 985 1562 quae
993 1516 1095 1562 viguit
1103 1517 1134 1549 in
1146 1517 1246 1563 prima
1258 1517 1472 1560 Ecclefia,talis
1481 1532 1596 1562 crat,vt
1605 1524 1660 1567 qui
1671 1536 1706 1556 e-

107 1576 178 1600 rant
186 1564 452 1611 contemptissimi
465 1591 473 1605 ‚
483 1574 587 1597 tamen
597 1575 683 1610 pares
692 1560 788 1598 effent
797 1563 956 1599 veteribus
967 1563 1135 1611 Prophetis
1149 1577 1262 1613 magna
1271 1579 1305 1599 ex
1315 1577 1416 1613 parte.
1431 1569 1516 1602 Nam
1526 1572 1603 1615 quid
1613 1572 1704 1605 Deus

106 1615 246 1650 contulit
255 1612 413 1648 veteribus
421 1611 659 1659 Prophetis,nis1
669 1613 757 1657 quod
770 1613 932 1648 vaticinati
945 1610 1015 1647 sunt
1022 1614 1062 1647 de
1071 1626 1103 1647 re
1113 1614 1216 1661 aliqua
1226 1620 1237 1647 ?
1247 1615 1320 1650 Fuit
1328 1616 1423 1663 igitur
1434 1617 1562 1664 speciale
1572 1619 1701 1665 aliquod

107 1666 280 1705 donum‚&
289 1661 382 1697 valde
390 1660 570 1695 restristum.
577 1661 703 1696 Deinde
712 1662 858 1696 vaticinia
868 1661 934 1696 haec
942 1663 993 1696 vix
1002 1663 1096 1708 digna
1110 1662 1180 1697 sunt
1187 1689 1195 1704 ,
1205 1675 1276 1709 quae
1284 1663 1485 1699 conferantur
1495 1680 1565 1701 cum
1581 1668 1684 1714 sapien
1691 1687 1703 1694 -

105 1716 148 1747 tia
158 1711 359 1756 coelesti,quae
367 1712 399 1743 in
411 1710 587 1757 Euangelio
596 1708 745 1757 patefa6ta
755 1708 824 1744 fuit.
835 1711 925 1745 Fides
933 1711 1029 1758 igitur
1037 1710 1108 1759 post
1118 1711 1415 1748 Christiaduentum
1425 1715 1570 1762 praecellit
1579 1718 1701 1750 donum

105 1758 405 1809 prophetiae,lire&e
414 1758 579 1793 aestimetur
587 1771 648 1806 pro
662 1760 716 1792 suo
725 1761 851 1793 merito.
865 1759 973 1805 Itaque
985 1759 1145 1806 Propheta
1162 1760 1215 1794 hic
1223 1772 1289 1794 non
1297 1761 1353 1795 abs
1367 1775 1399 1797 re
1411 1764 1557 1810 dignatur
1567 1776 1628 1799 tam
1639 1767 1701 1798 ho·-

106 1808 244 1844 norifioo
256 1810 388 1843 nornine
404 1810 460 1854 qui
471 1808 584 1855 priuati
593 1818 681 1841 erant
698 1807 842 1841 homines
850 1834 858 1849 ‚
868 1811 899 1841 &
914 1807 1029 1853 quibus
1045 1820 1112 1841 non
1122 1820 1188 1843 erat
1200 1810 1376 1844 iniunfflum
1389 1824 1501 1846 munus
1517 1814 1654 1847 docendi
1666 1818 1699 1847 in

103 1858 294 1908 populo‚sed
303 1859 358 1903 qui
367 1857 490 1891 tantum
500 1856 777 1890 illuminatierant:
790 1858 863 1902 quia
872 1856 924 1890 lux
932 1856 984 1889 illa
996 1856 1098 1891 multo
1108 1855 1166 1890 fuit
1176 1857 1370 1904 praestantior
1383 1859 1481 1905 quam
1490 1861 1610 1895 donum
1622 1875 1698 1909 pro-

128 1908 221 1942 hetiae
230 1908 262 1940 in
271 1906 377 1941 multis
387 1907 440 1952 qui
457 1904 514 1939 sub
525 1907 606 1952 Lege
617 1915 761 1939 vixerunt
771 1931 778 1939 .
793 1905 892 1938 Nunc
903 1916 1048 1939 tenemus
1062 1906 1142 1950 quid
1152 1907 1225 1940 velit
1236 1905 1395 1954 Propheta
1407 1934 1416 1948 ,
1430 1921 1529 1956 quum
1548 1910 1697 1957 Spiritum

102 1921 171 1991 ibei
178 1955 356 2004 prorniscue
365 1953 441 1988 facit
451 1966 654 1988 communem
665 1953 814 1987 omnibus
821 1954 936 2001 piis,ita
947 1964 980 1988 vt
990 1955 1202 2002 prophetandi
1209 1956 1299 1990 dono
1308 1957 1473 1991 excellant.
1489 1959 1586 1994 Nunc
1595 1972 1679 2004 quan
1686 1982 1699 1988 ,

101 2016 171 2042 tum
181 2005 293 2039 attinet
302 2005 342 2045 ad
350 2004 368 2036 s
364 2004 465 2051 pecies
472 2003 546 2037 duas
553 2015 622 2048 qua:
632 2004 683 2036 hic
691 2005 1048 2050 ponuntur-,notandum
1059 2003 1102 2038 est
1115 2003 1308 2052 prophetam
1318 2005 1459 2039 locutum
1470 2005 1530 2040 effe
1540 2020 1598 2055 pro
1607 2021 1678 2042 com
1687 2030 1697 2036 -

101 2055 192 2088 muni
201 2053 315 2100 populi
324 2056 377 2087 vlu
386 2077 393 2086 .
409 2052 498 2095 Qa
508 2064 583 2098 ergo
592 2048 700 2086 affueti
710 2062 798 2085 erant
808 2052 905 2086 Iudaei
918 2053 959 2086 ad
968 2051 1139 2086 visiones&
1149 2053 1269 2087 somnia
1280 2080 1290 2095 ‚
1299 2055 1374 2088 ideo
1387 2054 1562 2102 Prophetas
1571 2057 1698 2104 infignit

102 2102 152 2137 his
162 2102 312 2137 titulis.Et
321 2101 385 2135 haec
393 2100 545 2146 loquendi
560 2102 642 2134 ratio
657 2102 768 2146 passim
781 2102 811 2134 in
822 2099 993 2149 Prophetis
1002 2102 1291 2148 occurrit2idec¹>que
1299 2101 1391 2136 nobis
1399 2107 1533 2138 tenenda
1543 2106 1593 2138 cst.
1609 2108 1696 2141 Cum

98 2152 278 2197 loquuntur
286 2151 326 2184 de
335 2150 419 2183 cultu
429 2150 641 2189 Dei‚vtuntur
651 2148 800 2184 sacrificii
809 2150 1107 2192 nomine‚Venient‚
1116 2154 1146 2185 &
1156 2149 1287 2186 afferent
1295 2151 1363 2186 thus
1371 2155 1402 2185 δι
1412 2165 1449 2186 au
1455 2156 1555 2186 rumzd
1561 2156 1697 2190 educent

100 2200 238 2235 camelos
244 2198 407 2246 opulentia
417 2209 505 2231 terrae
513 2198 653 2231 onustos.
666 2199 813 2245 Denique
821 2198 877 2233 suis
886 2199 1040 2233 vaticiniis
1049 2199 1172 2247 erigunt
1180 2199 1331 2240 altaria,&
1346 2202 1459 2235 extollu
1465 2213 1498 2236 nt
1507 2204 1539 2235 T
1545 2216 1593 2237 cni
1599 2204 1648 2251 plu
1654 2218 1696 2240 m.

100 2247 293 2295 Atquinihil
301 2248 360 2281 tale
371 2245 470 2280 visum
479 2246 524 2279 cst
533 2247 602 2294 post
613 2247 778 2281 Christum
788 2246 962 2281 exhibitum
974 2275 981 2282 .
991 2260 1093 2294 neque
1102 2250 1186 2284 enim
1198 2249 1423 2296 lerosolymam
1437 2263 1590 2285 venerunt
1601 2253 1695 2287 Gen-

101 2308 146 2333 tes
156 2308 189 2332 vt
196 2295 344 2331 sacrificia
352 2293 503 2330 offerrent
513 2295 596 2329 :imo
605 2296 701 2342 paulo
710 2295 781 2344 post
792 2296 932 2330 euersum
948 2295 1007 2331 fiiit
1015 2298 1327 2345 Templum,nullum
1345 2297 1406 2341 fuit
1415 2300 1497 2346 apud
1511 2301 1578 2333 illos
1591 2302 1696 2336 altare:

101 2345 230 2382 cessauit
243 2355 327 2380 totus
336 2344 387 2379 ille
396 2344 495 2379 cultus
510 2344 614 2393 legalis
623 2371 630 2378 .
643 2344 809 2388 Qorsum
819 2346 912 2393 igitur
925 2345 1061 2393 [pestant
1075 2346 1251 2381 locutiones
1266 2347 1348 2388 istae,
1357 2347 1444 2392 quod
1457 2349 1584 2384 venient
1601 2353 1695 2385 vndi-

101 2408 164 2442 que
172 2394 299 2444 populi,
308 2404 344 2428 vt
352 2391 523 2428 sacrificent
538 2393 645 2427 timul?
656 2405 769 2441 nempe
780 2392 834 2427 sub
845 2392 957 2428 vilibili
971 2393 1076 2429 forma
1091 2394 1272 2430 describunt
1287 2396 1477 2443 spiritualem
1486 2397 1602 2432 cultum
1620 2400 1694 2433 Dei.

101 2445 155 2480 Sic
163 2444 256 2478 etiam
266 2443 329 2477 hoc
343 2442 585 2488 loco‚quoniarn
595 2441 775 2476 vfitataerat
787 2444 869 2476 ratio
875 2444 907 2476 in
918 2443 1039 2491 populo
1049 2445 1145 2478 veteri
1155 2470 1164 2486 ‚
1175 2454 1209 2479 vt
1218 2444 1307 2478 Deus
1316 2457 1371 2492 per
1385 2445 1504 2479 somnia
1514 2450 1546 2481 δε
1558 2447 1694 2482 visiones

98 2491 308 2528 manifestaret
318 2493 345 2525 sc
356 2490 524 2538 Prophetis
534 2517 542 2529 ,
552 2491 641 2531 dicit,
655 2498 674 2526 S
678 2504 742 2524 enes
749 2491 1131 2537 vestri-somniafhmniabunt
1139 2519 1149 2534 ‚
1161 2495 1317 2532 &iuuenes
1325 2494 1414 2529 vestii
1425 2496 1536 2537 vifiones
1546 2494 1690 2531 videbunt.

98 2542 161 2577 Sed
171 2554 237 2576 non
245 2540 377 2575 dubium
386 2539 429 2574 est
439 2541 517 2586 quin
530 2539 689 2586 Propheta
699 2539 754 2573 sub
763 2541 810 2573 his
818 2540 972 2587 loquendi
983 2539 1095 2575 formis
1105 2541 1335 2589 defignetillam
1346 2543 1557 2589 intelligentiae
1572 2544 1690 2586 lucem,

96 2603 159 2638 qua
167 2589 402 2624 excelluitnoua
412 2587 545 2622 Ecclesia
555 2589 625 2635 post
635 2587 799 2622 Christum
815 2588 987 2624 exhibitum
996 2616 1003 2624 .
1014 2591 1191 2638 Comparat
1197 2602 1281 2625 enim
1298 2590 1372 2624 fidei
1387 2591 1488 2624 lucem
1499 2592 1687 2639 prophetiae,

95 2639 367 2686 quemadmodum
379 2637 577 2671 diximus:sed
586 2637 929 2685 accommodatstylum
938 2639 988 2672 vel
1002 2640 1179 2673 sermonem
1186 2640 1225 2673 ad
1236 2649 1361 2685 captum
1372 2639 1481 2686 populi
1491 2641 1547 2675 sui:
1557 2643 1643 2676 videt
1653 2655 1688 2676 e-

95 2690 162 2722 nim
173 2686 273 2733 quibu
279 2687 361 2720 scum
375 2685 538 2730 loquatur:
550 2685 638 2719 sicuti
647 2687 780 2725 eandem
789 2686 926 2733 regulam
942 2687 1064 2734 sequuti
1079 2688 1149 2722 sunt
1157 2699 1269 2721 omnes
1286 2686 1632 2734 Prophetae,Offerctur
1641 2689 1688 2724 sa-

93 2735 244 2772 crificium
255 2734 294 2769 ab
303 2744 375 2769 ortu
387 2734 458 2768 solis
468 2734 562 2780 vsque
576 2736 615 2768 ad
624 2734 769 2768 occasum
780 2759 790 2773 ‚
799 2735 904 2780 inquit
915 2735 1099 2770 Malachias.
1114 2736 1220 2782 Qale
1227 2735 1271 2769 est
1281 2734 1363 2769 istud
1379 2735 1580 2772 sacrificium?
1592 2737 1688 2786 Papi-

95 2786 147 2820 ssae
154 2786 308 2832 arripiunt
317 2784 378 2817 hoc
386 2796 445 2830 pto
454 2788 503 2816 {ua
512 2780 692 2830 Miffatergo
700 2782 753 2816 sub
762 2795 861 2830 regno
870 2782 991 2816 Christi
1004 2784 1061 2818 erit
1068 2784 1199 2829 aliquod
1212 2782 1496 2820 sacrificiumznunc
1506 2798 1608 2820 autem
1619 2800 1686 2822 nori

96 2831 260 2868 offerimus
270 2833 346 2866 Deo
355 2833 489 2879 pecudes
496 2842 548 2865 aut
558 2832 823 2877 vitulos:sequitur
832 2833 937 2876 itaque
952 2844 1036 2866 nunc
1052 2831 1331 2882 sacrificiumpanis
1339 2837 1372 2868 δε
1382 2835 1448 2867 vini
1457 2834 1576 2869 restare.
1591 2836 1687 2882 Q-

96 2882 118 2915 si
130 2881 290 2929 Propheta
306 2892 370 2915 tam
381 2881 489 2928 argute
503 2879 742 2928 philosophatus
758 2879 892 2914 fueritin
904 2879 1056 2915 sacrificii
1066 2883 1227 2928 voce‚qui
1243 2883 1339 2917 docet
1353 2883 1462 2916 rudem
1479 2885 1632 2930 populum
1651 2895 1686 2920 vt

96 2930 176 2964 ferre
187 2941 310 2974 poterat
319 2929 415 2963 ..Ideo
424 2930 501 2962 dicit
510 2929 627 2962 cultum
638 2930 701 2963 Dei
717 2927 785 2963 fore
799 2941 1005 2964 communem
1016 2931 1133 2963 cunetis
1141 2930 1320 2970 Gentibus,
1330 2930 1416 2965 ficuti
1424 2944 1506 2966 minc
1515 2934 1594 2966 dicit
1606 2933 1687 2974 loel,

94 2977 247 3025 Jffimdam
264 2981 397 3023 Spiritum
406 2977 581 3024 mercinfhper
587 2991 692 3012 omnem
699 2991 807 3012 carnem
813 2978 906 3024 :fines
912 2979 993 3022 vestm·
998 2978 1107 3024 simnia
1115 2977 1312 3024 sbmniabunt,
1324 2993 1362 3019 (ς’
1369 2983 1481 3015 iuuenes
1489 2981 1569 3025 wistri
1575 2983 1687 3025 vfiones

88 3026 239 3065 malebant.
251 3027 349 3061 Nunc
357 3037 497 3062 tenemus
506 3036 610 3061 totum
621 3026 788 3076 Propheta:
795 3026 923 3065 sensum.
941 3029 1007 3062 lain
1017 3026 1165 3076 sequitur:

1419 3078 1441 3113 s.
1478 3079 1523 3113 iii.
