2045 3466
699 109 920 146 cAPvT
968 110 1045 146 111.
1558 125 1616 158 357

58 190 91 211 re
108 187 293 225 promptum
303 175 346 210 est
363 176 445 211 hunc
458 176 572 211 sensum
589 177 680 213 nobis
694 178 866 227 ingenitum
876 179 935 214 esse
948 180 966 214 ὲ
981 189 1085 214 natura
1095 204 1106 219 ,
1115 188 1150 212 vt
1163 179 1238 214 dum
1248 193 1392 229 vrgemur
1407 181 1618 221 rebusaduer-

57 225 94 260 fis
104 226 307 273 imploremus
318 225 379 259 Dei
387 227 590 272 gratiamhoc
600 239 675 274 ergo
687 230 811 262 vnicum
825 229 997 263 remedium
1013 227 1055 260 est
1066 229 1097 260 in
1107 226 1196 261 rebus
1206 229 1359 264 miseris&
1371 230 1498 269 afflictis,
1508 231 1617 264 Deum

56 286 157 308 orare.
170 272 273 318 Qod
283 273 304 307 fi
315 285 370 307 nos
378 275 409 306 in
420 276 500 320 Lege
511 277 543 307 &
556 275 728 322 Euangelio
738 276 840 309 edoffi
853 302 863 316 ,
872 278 995 322 quoties
1005 275 1093 309 Deus
1100 287 1157 309 nos
1170 276 1320 312 admonet
1328 288 1420 324 atque
1429 279 1569 313 hortatur
1577 278 1618 312 ad

56 322 272 369 poenitentiam
285 347 293 362 ,
307 333 371 355 non
382 323 498 356 vtimur
508 321 568 357 hoc
583 324 739 358 remedio:
750 325 849 368 qualis
864 324 958 358 nobis
973 325 1031 357 erit
1040 324 1242 357 excusationis
1257 335 1417 370 praetextus
1428 338 1542 371 ,quum
1559 326 1620 360 ho-

59 371 160 403 mines
177 367 300 416 profani
316 373 346 402 &
361 371 416 414 qui
432 369 576 416 syllabam
592 371 708 405 nullam
725 371 873 406 tenebant
888 383 968 407 verae
981 372 1117 418 pietatis,
1132 371 1237 405 Deum
1253 381 1357 406 tamen
1373 374 1530 420 deprecati
1546 374 1618 416 sint,

57 421 90 451 ὅ(
99 418 168 451 Rex
182 417 243 463 ipse
259 417 321 450 hoc
334 419 463 451 edixerit
478 429 514 450 ex
526 417 672 453 sententia
687 420 812 454 suorum
826 425 1023 467 magnatum?
1036 420 1121 466 Ergo
1136 419 1202 466 plus
1216 417 1307 453 nobis
1317 423 1512 455 verecundiae
1526 422 1619 456 incu-

58 476 123 500 tere
138 465 200 498 hoc
211 466 308 511 Regis
323 466 456 499 edietum
468 465 580 507 debet,
593 466 688 512 quam
704 467 724 500 fi
741 469 810 511 quis
827 467 963 515 proferat
975 479 1011 501 ex
1027 468 1091 501 Dei
1107 466 1205 501 verbo
1221 466 1400 514 simpliciter
1413 468 1542 502 eandem
1558 471 1620 503 do.

59 515 207 548 atinam.
249 514 334 546 Nam
355 523 512 559 vtcunque
528 526 594 547 non
612 515 719 548 eadem
740 514 833 549 fuerit
854 516 949 563 Regis
968 515 1047 549 illius
1063 515 1231 549 authoritas
1247 541 1256 556 ‚
1271 527 1340 561 quae
1358 515 1421 550 Dei
1438 516 1499 549 cst:
1514 526 1620 551 tamen

60 574 158 607 quum
174 560 264 595 miser
280 561 332 595 ille
349 565 379 594 δε
395 573 490 595 caecus
508 560 656 610 Princeps
669 565 831 609 agnouerit
845 574 952 597 natura
967 564 1119 605 metante,
1138 564 1244 597 Deum
1261 563 1404 610 precibus
1418 563 1477 598 effe
1494 565 1621 611 placan-

61 612 137 644 dum
147 636 155 650 ,
167 610 243 655 quid
257 610 317 642 iam
328 611 529 643 excusationis
541 612 828 655 (quemadmodum
847 610 1030 652 dixi)nobis
1044 611 1133 644 restat
1144 617 1154 644 ἒ
1164 611 1223 645 Sed
1241 611 1346 658 postea
1360 612 1468 645 melius
1482 611 1624 647 ostendit

62 658 157 692 Ionas
166 670 231 691 non
247 655 332 691 fuisse
348 656 483 691 fucatam
495 659 831 704 poenitentiamiquum
849 660 1012 693 Nineuitae
1028 658 1131 692 saccos
1146 659 1365 701 induerent‚&
1382 659 1436 693 fibi
1451 661 1622 695 interdice-

62 717 132 740 rent
141 705 237 740 acibo
247 709 277 739 ἀ
294 715 371 752 potu
382 730 390 738 .
428 705 574 749 Sequitur
588 709 671 740 enim
687 708 788 741 adhuc
801 708 832 740 in
852 708 950 754 Regis
966 707 1067 740 edific
1076 733 1084 748 ,
1096 712 1137 740 Et
1150 718 1338 741 conuertuntur
1348 708 1462 755 quisque
1476 705 1495 741 a*
1511 708 1621 753 riafim

63 755 156 794 mala,
166 767 204 791 (9-
217 750 234 786 ὲ
249 755 421 800 rapacitate,
431 766 490 800 quae
505 755 584 788 estin
599 753 728 789 manibus
741 768 845 789 comm.
855 756 921 790 Hic
936 755 1006 789 Rex
1020 754 1169 802 profanus
1183 755 1319 788 ostendit
1334 756 1479 801 quorsum
1490 759 1537 797 ,&
1552 768 1620 802 quo

61 800 194 836 confilio
206 801 245 835 de
261 802 379 835 ieiunio
389 805 419 834 δι
434 800 582 835 similibus
590 804 739 838 exercitiis
755 805 1071 852 praeceperstmempe
1080 812 1114 838 vt
1132 802 1193 837 hoc
1201 804 1300 837 modo
1311 802 1370 836 sese
1385 805 1494 837 melius
1509 803 1620 838 stimu-

60 850 157 883 larent
167 849 329 883 Nineuitae
336 850 375 883 ad
385 850 447 883 Dei
459 851 706 884 timorem.Nam
718 851 770 885 hic
779 851 921 886 hortatur
930 863 963 885 vt
971 851 1029 885 sese
1044 850 1206 886 couertant
1215 849 1233 885 ὲ
1244 852 1290 885 via
1304 851 1351 884 sua
1363 851 1449 884 mala.
1462 851 1519 885 Per
1531 859 1560 888 V
1563 855 1622 886 iam

60 899 219 944 Scriptura
227 898 396 945 intelligere
413 897 490 932 solet
505 908 608 932 totum
619 900 691 933 vitae
705 899 824 933 cursum
835 926 843 941 ‚
856 900 904 934 vel
913 900 1066 933 rationem
1076 925 1084 933 .
1101 898 1236 933 Perinde
1253 899 1295 934 est
1310 900 1403 946 igitur
1411 898 1469 933 acsi
1487 901 1621 942 diceret,

61 946 207 991 Qisque
218 945 352 980 vestram
363 947 523 993 ingenium
541 945 628 981 suum
637 950 667 980 δι
678 959 780 981 mores
789 948 857 982 suos
867 958 966 981 mutet
974 960 982 981 ι
990 947 1081 982 fimus
1089 958 1145 981 nos
1151 959 1261 981 omnes
1269 959 1360 982 nouae
1373 958 1528 982 creaturae.
1544 948 1623 983 Haec

60 1006 164 1028 autem
175 1007 246 1028 vera
255 994 297 1028 est
314 996 496 1041 poenitentia
506 1020 514 1034 ‚
525 995 690 1029 conuerfio
705 997 843 1029 hominis
852 997 889 1030 ad
899 998 1005 1031 Deum
1016 1021 1023 1030 .
1031 995 1092 1030 hoc
1100 1007 1175 1041 ergo
1188 995 1259 1029 Rex
1275 996 1331 1030 iste
1341 994 1489 1042 profanus
1497 995 1622 1029 intelle-

60 1045 105 1076 xit
113 1069 120 1075 .
130 1041 211 1088 QZ>
220 1044 341 1089 turpior
349 1042 390 1075 est
400 1054 509 1076 eorum
527 1044 668 1077 socordia
678 1069 687 1083 ,
697 1046 753 1088 qui
762 1045 880 1091 placare
889 1045 997 1079 Deum
1007 1043 1119 1079 volunt
1133 1042 1252 1077 friuolis
1260 1043 1318 1077 illis
1326 1042 1483 1090 figmentis
1491 1070 1500 1085 ‚
1511 1056 1625 1089 quem-

60 1092 234 1125 admodum
253 1090 384 1138 Papistae
398 1091 474 1124 dum
488 1090 664 1124 obtrudunt
683 1092 757 1126 Deo
770 1094 957 1139 nescioquas
969 1104 1079 1141 nugas,
1090 1101 1200 1140 putant
1213 1090 1273 1125 ess'e
1289 1092 1420 1126 totidem
1436 1091 1576 1138 piacula,
1590 1095 1623 1127 &

60 1141 286 1173 contumaciter
297 1151 355 1186 pro
363 1139 422 1172 illis
432 1140 646 1173 contendunt.
660 1140 738 1173 Non
750 1139 813 1173 alio
826 1142 920 1187 igitur
930 1141 1033 1175 iudice
1042 1153 1120 1188 opus
1131 1139 1248 1174 habent
1260 1138 1354 1186 quam
1371 1139 1433 1174 hoc
1445 1139 1534 1188 Rege
1545 1152 1624 1188 pro-

60 1187 135 1221 fano
144 1214 152 1228 ,
163 1189 217 1233 qui
225 1186 362 1221 ostendit
378 1186 470 1221 aliam
482 1184 541 1221 effe
552 1200 634 1223 verae
644 1189 834 1234 poenitentiae
848 1189 1002 1223 rationem
1012 1215 1020 1229 ‚
1030 1200 1142 1237 nempe
1153 1197 1189 1223 vt
1200 1197 1359 1222 mutentur
1371 1186 1515 1222 homines
1531 1200 1624 1223 men-

60 1246 91 1270 te
109 1240 139 1270 &
153 1239 319 1274 animm&
331 1245 515 1269 conuertant
531 1237 563 1269 in
574 1236 792 1270 meliustotam
809 1238 883 1270 vitae
900 1235 960 1271 suae
976 1235 1112 1271 formam
1123 1262 1131 1271 .
1158 1236 1287 1285 Qtfllue
1302 1248 1378 1284 ergo
1394 1234 1414 1270 ἆ
1426 1236 1534 1282 viafim
1549 1238 1625 1272 mala

60 1295 249 1318 conuerranrus
258 1308 267 1322 ‚
278 1285 399 1330 inquit,
410 1297 446 1321 (ff
456 1281 474 1317 ax
488 1287 645 1331 rapacitate
654 1309 663 1322 ‚
675 1285 782 1331 quaeefi‘
794 1287 825 1319 in
834 1284 964 1318 manibus
973 1296 1077 1318 eorum.
1090 1285 1153 1318 Hic
1168 1283 1361 1332 subiungitur
1378 1284 1490 1332 species
1504 1298 1560 1332 per
1576 1285 1627 1333 sy-

58 1332 356 1378 necdochen.neque
366 1334 450 1365 enim
459 1335 602 1379 oportuit
610 1333 731 1367 tantum
742 1334 863 1379 rapinas
873 1334 906 1366 in
918 1333 1077 1367 Nineuitis
1086 1332 1298 1379 corrigi.Nam
1308 1331 1469 1380 probabile
1478 1333 1520 1366 est
1531 1334 1627 1368 etiam

59 1381 125 1414 aliis
133 1382 215 1414 vitiis
231 1384 260 1414 δι
271 1380 454 1426 corruptelis
470 1379 558 1413 fuisse
569 1379 707 1415 infeEtos:
718 1382 750 1414 in
760 1379 835 1414 vrbe
842 1390 907 1414 tam
917 1380 1068 1428 populosa
1077 1382 1215 1427 regnauit
1224 1381 1316 1414 etiarn
1326 1380 1455 1415 ebrietas
1464 1405 1476 1421 ,
1484 1381 1584 1423 luxus,
1594 1385 1628 1416 δε

59 1428 204 1475 superbia
214 1433 244 1462 &
256 1428 517 1462 ambitiozdeinde
532 1429 690 1463 libidines.
703 1429 781 1462 Non
792 1427 923 1462 dubium
931 1429 1027 1475 igitur
1034 1427 1077 1461 est
1085 1430 1162 1474 quin
1172 1428 1301 1462 Nineue
1310 1427 1422 1462 referta
1430 1426 1628 1464 fueritinnu-

60 1489 152 1511 meris
160 1477 287 1510 morbis:
296 1478 345 1510 sed
361 1477 426 1510 Rex
440 1489 493 1521 per
504 1477 719 1522 synecdochen
728 1477 780 1510 hic
791 1478 981 1524 praecipuum
991 1476 1103 1510 vitium
1113 1475 1261 1524 designat.
1274 1483 1425 1511 Conuenar
1435 1489 1518 1525 ergo,
1531 1491 1546 1512 e
1571 1478 1628 1524 uisi

61 1538 116 1573 que
131 1523 265 1570 avia—fin
276 1525 348 1557 mala
361 1550 369 1566 ‚
380 1537 416 1562 <5
425 1522 442 1557 a*
458 1524 674 1570 r.1pacitatefh.z
684 1551 690 1558 .
701 1525 830 1570 perinde
846 1523 890 1558 est
902 1523 961 1558 acfi
970 1523 1147 1558 ostenderet
1163 1525 1348 1573 praecipuam
1366 1526 1508 1559 virtutem
1518 1539 1534 1560 e
1562 1540 1579 1560 e
1594 1528 1628 1560 in

61 1577 206 1618 aequitate
216 1576 246 1606 δε
258 1572 372 1606 iustitia
380 1598 390 1614 ‚
401 1572 453 1605 vbi
473 1573 586 1606 scilicet
601 1572 714 1607 mutuo
729 1574 810 1606 inter
824 1572 853 1606 se
862 1571 978 1617 absque
994 1571 1054 1606 vlla
1066 1584 1147 1606 noxa
1162 1583 1215 1607 aut
1231 1574 1343 1606 iniuria
1353 1574 1510 1608 versantur
1523 1575 1630 1609 homi-

61 1622 234 1666 nes.Atque
244 1623 359 1655 vtinam
369 1621 465 1654 hodie
475 1622 614 1654 doffiina
624 1622 732 1655 eadem
742 1622 861 1668 vigeret
870 1621 949 1654 inter
957 1621 1128 1666 omnesqui
1138 1619 1350 1654 Christianum
1368 1631 1484 1653 nomen
1499 1618 1575 1654 falso
1590 1634 1628 1656 v·

61 1669 290 1716 surpant.Nam
299 1667 429 1715 Papistae
439 1669 513 1702 dum
521 1669 719 1704 accumulant
730 1668 779 1702 illa
789 1668 919 1716 piacula,
926 1678 1111 1716 praetereunt
1120 1667 1349 1707 charitatem&
1357 1669 1390 1701 in
1402 1677 1467 1700 tota
1477 1668 1548 1703 vita:
1558 1681 1630 1716 per-

62 1717 195 1752 fefflone
213 1716 275 1752 fere
285 1719 411 1763 aequitas
421 1717 537 1750 nullum
551 1718 657 1752 locum
666 1717 759 1751 habet
770 1743 777 1752 .
795 1717 929 1751 Discant
935 1728 1011 1764 ergo
1019 1728 1054 1751 ex
1064 1728 1120 1750 ore
1129 1713 1254 1763 profani
1266 1716 1361 1762 Regis
1369 1717 1444 1762 quid
1456 1715 1543 1750 Deus
1550 1728 1630 1764 prae-

59 1766 152 1814 cipue
167 1768 305 1811 requirat
315 1765 354 1798 ab
368 1765 550 1799 hominibus
564 1769 595 1799 δι
614 1765 727 1813 probet
736 1766 769 1798 in
784 1777 895 1799 eorum
905 1766 983 1799 vita:
995 1776 1110 1811 nempe
1120 1775 1152 1798 vt
1165 1763 1336 1798 abstineant
1351 1763 1370 1799 ὰ
1380 1765 1493 1811 rapinis
1502 1768 1533 1798 δι
1543 1765 1582 1798 ab
1589 1777 1630 1799 o-

61 1816 129 1848 mni
137 1813 403 1848 maleficioNunc
412 1825 489 1859 ergo
499 1824 641 1848 tenemus
651 1826 705 1847 cur
715 1813 776 1847 hoc
784 1814 924 1847 additum
935 1811 1028 1847 fuerit
1035 1814 1073 1847 de
1083 1815 1256 1859 Kypacitase.
1276 1810 1341 1845 Iam
1350 1813 1498 1846 tenedum
1508 1812 1550 1846 est
1562 1813 1632 1847 Re-

60 1875 131 1911 gem
142 1863 243 1896 adhuc
255 1863 410 1896 nouitium
421 1888 430 1903 ,
440 1866 470 1895 &
481 1864 530 1895 vix
540 1862 648 1896 leuiter
663 1862 794 1896 tindum
803 1862 990 1897 rudimentis
1006 1862 1126 1908 pietatis
1143 1860 1212 1907 post
1221 1859 1360 1894 auditam
1377 1860 1463 1894 lonae
1479 1862 1630 1907 praedica-

60 1913 257 1958 tionem‚pro
266 1909 377 1944 fidei&
388 1910 598 1957 intelligentiae
606 1909 665 1945 suae
672 1910 804 1944 modulo
819 1910 877 1944 suis
885 1908 1169 1957 praecipere-Qod
1178 1907 1272 1942 fitam
1282 1909 1396 1955 exiguo
1403 1911 1554 1956 temporis
1560 1909 1630 1956 spa-

60 1963 107 1994 tio
116 1960 208 2006 vsque
218 1959 299 1993 adeo
309 1957 478 2007 profecerit
487 1959 536 1992 ille
546 1984 557 1998 ,
565 1971 624 1993 nos
635 1957 687 1993 vbi
696 1970 783 1993 aures
796 1958 908 1992 nostrae
922 1958 1081 1993 continuis
1094 1955 1288 1991 sermonibus
1303 1969 1357 2004 per
1365 1968 1464 1991 annos
1474 1958 1585 2004 viginti
1598 1961 1632 1993 δε

61 2010 187 2056 triginta
201 2007 318 2042 obtusae
333 2005 474 2047 fuerunt,
484 2006 578 2052 qutim
596 2007 824 2041 excusationem
841 2006 1015 2042 obtendere
1030 2004 1253 2054 poterimus,fi
1269 2003 1451 2040 subfidimus
1465 2006 1567 2040 adbuc
1580 2008 1633 2040 in-

59 2056 109 2102 -fra
117 2057 306 2102 tyrocinium
316 2056 399 2090 istius
411 2056 607 2103 chtsfflrgo
614 2055 678 2090 istae
688 2055 914 2091 circunstantiae
923 2056 1091 2104 diligenter
1097 2053 1189 2088 nobis
1197 2054 1347 2089 notandae
1361 2052 1440 2088 sunt.
1450 2051 1550 2089 Nunc
1558 2067 1632 2104 per-

61 2117 179 2154 gamus:

26 2193 51 2222 9
124 2178 225 2239 Qis
236 2176 351 2224 nouit
360 2196 410 2224 an
427 2195 684 2226 conuertatur
697 2217 708 2236 ‚
724 2186 768 2226 &
781 2176 1026 2245 poenitentia
1040 2177 1213 2226 ducatur
1223 2185 1349 2234 Deus,
1360 2185 1405 2225 δε
1415 2193 1634 2226 reuertatur

63 2246 86 2295 ἓι
103 2248 235 2294 furore
247 2248 313 2294 irae
328 2245 462 2302 suae,vt
477 2266 564 2294 non
579 2251 802 2314 pereamus?

139 2341 205 2375 Hic
216 2341 308 2374 etiam
328 2339 436 2373 clarius
446 2341 629 2386 exprimitur
636 2341 755 2374 animus
766 2341 862 2388 Regis
872 2343 903 2374 &
913 2339 1094 2383 consilium,
1103 2337 1192 2386 quod
1207 2338 1320 2374 scilicet
1331 2338 1393 2373 hoc
1400 2340 1500 2373 modo
1510 2338 1634 2373 studue-

65 2391 106 2425 rit
121 2389 319 2424 reconciliare
332 2392 363 2421 δι
380 2389 408 2423 se
419 2392 448 2422 δε
466 2389 618 2435 populum
632 2389 717 2423 suum
740 2390 831 2423 Deo.
850 2389 917 2422 Alii
934 2388 1028 2436 paulo
1042 2388 1165 2423 diuerso
1183 2388 1283 2422 modo
1297 2397 1423 2421 vertunt
1433 2413 1443 2428 ‚
1455 2388 1525 2433 Qi
1541 2388 1637 2422 nouit

66 2440 320 2475 conuertetur,&
333 2438 513 2484 poenitentia
524 2439 654 2472 ducetur
666 2465 673 2472 .
684 2450 749 2471 non
766 2437 874 2484 legunt
883 2436 1124 2484 interrogatiue:
1139 2437 1190 2471 sed
1199 2448 1263 2471 non
1274 2435 1374 2483 potest
1390 2435 1465 2470 stare
1474 2436 1522 2469 illa
1531 2436 1634 2469 lectio.

70 2489 105 2521 ln
117 2496 220 2520 mente
230 2487 324 2532 igitur
340 2485 504 2532 Prophetae
513 2486 590 2519 nihil
605 2486 646 2520 est
655 2485 838 2533 ambiguum
850 2512 859 2527 ,
869 2484 959 2531 quod
978 2487 1101 2533 Regem
1115 2485 1168 2519 hic
1184 2483 1268 2531 quali
1285 2483 1483 2519 dubitantem
1494 2485 1635 2523 inducar,

70 2535 206 2586 Qicscit
215 2548 251 2567 an
260 2541 338 2568 Deus
347 2532 424 2567 nolnsss
438 2533 615 2580 placabitur?
628 2535 781 2568 Videmus
789 2546 864 2580 ergo
877 2535 997 2582 Regem
1010 2546 1075 2568 non
1083 2531 1300 2568 obrutumess'e
1311 2530 1526 2579 desperatione
1538 2558 1547 2573 ,
1556 2533 1635 2577 quin

69 2586 170 2620 adhuc
184 2585 223 2616 de
237 2583 378 2616 remedio
389 2593 523 2629 cogitet.
536 2584 650 2616 namin
664 2583 745 2617 hunc
761 2581 856 2615 finem
874 2584 975 2617 tendit
989 2582 1039 2617 hic
1048 2579 1334 2616 versus.Caeteritm
1352 2578 1449 2627 posset
1460 2580 1558 2614 videri
1574 2579 1637 2614 hoc

69 2633 258 2668 contrarium
274 2628 347 2663 fidei
357 2633 598 2665 naturaezdcinde
609 2630 629 2664 fi
640 2641 792 2678 repugnat
803 2629 876 2664 fidei
888 2656 897 2672 ‚
909 2630 996 2664 fimul
1012 2633 1106 2664 etiam
1113 2630 1250 2664 alienum
1259 2629 1315 2662 erit
1329 2627 1346 2662 a
1356 2628 1538 2675 poenitentia
1548 2654 1554 2662 .
1563 2640 1636 2662 nam

69 2694 116 2716 res
124 2680 298 2714 coniunssae
308 2677 374 2711 sunt
387 2681 570 2725 poenitentia
580 2683 610 2712 ἃ
621 2678 697 2713 fides
710 2705 718 2718 ,
729 2680 999 2725 quemadmodum
1010 2678 1077 2712 aliis
1092 2678 1167 2712 locis
1179 2679 1328 2711 vidimus.
1339 2677 1451 2721 Neque
1459 2677 1542 2710 enim
1553 2675 1639 2722 quis-

71 2741 165 2776 quam
184 2729 300 2776 porerit
316 2728 424 2774 sponte
443 2726 468 2761 se
490 2728 564 2761 Deo
580 2727 745 2768 subiicere,
757 2726 808 2760 nifi
826 2726 993 2774 guflnuerit
1010 2727 1093 2773 prius
1108 2730 1172 2760 eius
1186 2725 1362 2765 bonitatem
1374 2752 1382 2766 ‚
1395 2728 1426 2758 δε
1447 2724 1532 2772 spem
1553 2725 1639 2760 {alu-

63 2778 109 2812 ³tis
117 2777 294 2823 eonceperit
306 2802 314 2809 .
334 2776 404 2818 Qi
415 2777 498 2809 enim
518 2787 635 2810 terrore
650 2777 798 2809 duntaxat
812 2773 968 2816 afficitur,
979 2773 1076 2822 fugiet
1095 2774 1161 2808 Dei
1171 2773 1370 2820 conspefflim
1386 2776 1416 2806 ἃ
1433 2772 1640 2820 praesentiam:

71 2826 111 2861 fic
126 2826 308 2869 vbicunqtie
323 2834 430 2870 regnat
444 2826 618 2871 dciperatio
628 2851 637 2865 ‚
650 2825 786 2867 sequitur
795 2825 888 2857 etiam
903 2823 1100 2857 contumacia
1110 2845 1119 2855 .
1133 2821 1231 2856 Nunc
1249 2823 1306 2866 qui
1322 2820 1390 2855 fieri
1400 2820 1502 2868 potest
1518 2832 1552 2855 vt
1570 2822 1640 2856 Rex

64 2876 210 2909 'Nineuae
231 2871 308 2905 serio
322 2876 352 2905 δε
366 2872 483 2918 absqtie
502 2871 628 2906 fistione
645 2872 806 2918 resipuerit
825 2897 836 2911 ,
851 2873 967 2905 interea
985 2881 1090 2904 tamen
1106 2869 1286 2905 dubitanter
1303 2870 1450 2915 loquutus
1467 2868 1502 2903 fit
1517 2871 1555 2904 de
1570 2882 1642 2917 gra-

66 2925 114 2964 ·tia
123 2923 216 2956 Dei?
227 2920 437 2967 Respondco,
448 2921 579 2968 speciem
592 2918 651 2955 effe
667 2921 872 2954 dubitationis
881 2946 890 2961 ,
900 2931 970 2965 quat
979 2919 1080 2966 potest
1090 2930 1161 2952 cum
1177 2917 1239 2952 fide
1247 2919 1396 2965 coniungi
1410 2931 1417 2952 ε
1429 2929 1642 2965 nempe‚quae

74 2970 188 3011 directe
207 2981 274 3003 non
288 2969 390 3002 reiicit
411 2970 475 3004 Dei
490 2968 727 3015 promissionem
739 2995 748 3010 ,
768 2969 817 3003 sed
832 2967 888 3002 alia
904 2967 998 3002 habet
1020 2965 1158 3001 obieeta.
1180 2966 1321 3014 Exempli
1334 2968 1429 3014 gratia
1446 2992 1455 3007 ,
1472 2966 1504 3000 Si
1521 2967 1641 3013 quispi-

75 3031 123 3059 am
138 3031 256 3054 terrore
271 3016 540 3067 deiefitusfflostea
557 3019 687 3066 recipiat
701 3018 842 3051 animum
857 3015 1017 3065 proposita
1032 3014 1085 3064 spe
1103 3016 1245 3051 veniae&
1259 3015 1379 3058 salutis,
1392 3026 1464 3096 noli}
1473 3024 1579 3049 tamen
1595 3015 1641 3055 li-
