2045 3466
19 2109 46 2137 11

721 119 941 157 CAPVT
986 120 1056 159 vr.⁴
1642 138 1706 174 λεί

117 202 190 230 tota
197 196 392 240 domus‚fiin
402 195 562 245 hospitem
572 196 675 233 vllum
683 195 768 232 forte
777 198 1003 241 incidat‚dicit,
1013 200 1068 233 Est
1077 212 1117 234 ne
1124 199 1240 249 aliquis
1249 204 1353 241 adhuc
1362 207 1491 243 tecum?
1521 207 1577 243 Ille
1586 218 1696 244 autem

117 244 307 286 dicetffiinis
315 245 425 287 est,vel
434 244 574 279 defeetus
583 271 590 279 .
604 247 804 292 Qanquam
815 245 858 279 est
866 246 972 293 aliqua
981 249 1170 297 ambiguitas
1177 254 1212 285 in
1221 253 1489 296 verbis,videmus
1498 267 1605 291 tamen
1613 260 1696 304 quid

116 293 196 328 velit
205 293 380 342 Propheta,
390 297 423 327 &
430 294 586 339 quorsum
594 297 706 329 tendat
714 320 722 327 .
737 293 923 328 Confirmat
931 298 1016 330 enim
1024 310 1120 343 quam
1130 301 1309 346 protulerat
1318 303 1506 339 sententiam
1516 307 1549 339 in
1560 307 1697 354 persona

115 341 185 376 Dei
194 368 204 383 ,
214 341 332 377 etiamsi
340 344 450 376 decem
460 341 521 375 sint
529 344 562 376 in
575 345 678 377 domo
687 355 749 376 vna
756 342 939 390 superstites
948 370 957 386 ‚
968 356 1076 380 tamen
1083 346 1173 381 simul
1181 360 1292 382 omnes
1307 354 1485 386 morituros
1495 379 1506 393 ‚
1516 358 1592 399 quia
1602 368 1641 388 ne
1653 370 1695 390 v,

115 403 175 424 nus
188 393 321 437 quidem
330 390 472 424 residuus
487 393 564 424 erit.
597 391 781 439 Diligenter
790 391 875 424 enim
891 403 1021 439 patruus
1032 395 1176 441 inquiret
1190 391 1230 430 de
1244 399 1306 431 suis
1318 400 1492 446 nepotibus
1502 427 1511 442 ‚
1521 415 1561 435 an
1579 403 1694 450 aliquis

114 449 250 474 maneat:
262 440 385 479 audiet,
393 437 490 472 finem
500 438 559 472 effe
569 465 580 479 ‚
589 439 653 473 hoc
661 439 705 473 est
717 465 727 481 ,
737 451 849 472 omnes
856 438 947 474 simul
957 440 1018 476 effe
1033 443 1242 492 consumptos
1252 472 1259 478 .
1278 446 1338 479 His
1345 457 1453 481 autem
1471 450 1575 483 verbis
1586 453 1692 486 voluit

113 489 258 523 incutere
276 487 346 535 plus
361 490 507 521 terroris:
517 489 592 534 quia
609 487 723 521 scimus
738 496 859 533 quanta
869 487 906 522 fit
918 489 1089 524 hominum
1103 491 1272 539 stupiditas
1281 519 1290 535 ,
1305 496 1383 529 dum
1398 496 1501 530 adhuc
1510 498 1570 531 illis
1588 502 1689 542 parcit

113 536 206 571 Deus
216 564 223 571 .
242 537 330 570 Nam
339 535 588 582 quumsentiunt
596 539 661 569 eius
670 548 800 569 manum
809 561 820 575 ‚
831 537 1042 583 expauescunt
1050 541 1182 584 quidem
1190 567 1202 581 ‚
1212 541 1266 576 sed
1276 555 1344 576 non
1355 556 1530 579 mouentur
1549 547 1618 580 vllis
1628 551 1689 580 mi-

111 586 178 618 nis.
192 584 271 618 Haec
287 586 384 632 igitur
392 585 476 618 ratio
486 584 528 616 est
536 596 592 618 cur
602 583 764 631 Propheta
771 583 825 617 hic
841 583 985 630 pluribus
994 586 1099 620 verbis
1107 589 1278 624 denuntiet
1290 591 1580 628 horrendamillam
1589 596 1689 629 111110,-

110 646 184 667 nem
195 659 204 674 ,
215 645 312 679 quani
319 642 460 666 metuere
468 643 535 664 non
549 642 699 679 poterant
716 631 866 665 Israelitae
873 644 973 676 quum
981 634 1088 669 adhuc
1104 638 1241 670 nimium
1251 637 1350 673 effent
1364 640 1484 682 securi,
1496 653 1531 677 vt
1540 644 1626 690 prius
1638 646 1689 678 vi-

107 682 177 715 sum
185 681 445 726 est.chuitur,Et
453 679 627 721 dicetst‘ace,
651 684 696 715 uia
705 694 759 714 non
769 680 834 714 licet
843 679 979 716 recordari
984 684 1102 717 nomint-'s
1110 691 1125 718 I
1129 685 1334 721 ehouaessocus
1342 688 1393 722 hic
1403 688 1489 722 varie
1499 692 1682 738 exponitur.

108 731 255 775 Qidam
274 727 448 776 putanthic
458 730 564 762 notari
581 695 779 776 deizveratam
787 727 940 762 malitiam
950 754 960 771 ,
971 730 1062 775 quod
1072 744 1112 766 ne
1119 733 1205 767 inter
1221 735 1353 769 vltimos
1361 738 1492 782 quidem
1500 738 1629 786 spiritus
1637 752 1690 774 re-

106 779 230 814 cordati
241 776 362 811 fuerint
370 777 449 818 Dei,
459 778 515 822 qui
525 778 690 824 perierunt
699 803 706 811 .
718 776 769 811 Sic
777 788 856 824 ergo
865 789 1031 824 exponunt
1042 779 1297 824 verba,Tace‚vt
1304 783 1341 818 fit
1353 797 1414 818 vox
1421 787 1684 830 iiidionantis‚vel

105 827 278 874 respuentis
290 853 297 860 .
310 831 385 860 Tace
392 837 483 873 ergo,
496 838 600 871 neque
610 827 696 859 enim
704 827 865 860 recordati
871 825 945 859 sunt
952 829 1094 861 nominis
1105 828 1184 872 Dei,
1194 830 1258 865 hoc
1270 831 1327 872 est,
1337 832 1401 873 isti,
1410 815 1512 867 etiam?
1517 848 1617 881 quum
1627 848 1684 870 eos

101 873 293 910 humiliaffet
300 875 392 908 Deus
401 900 413 914 ,
422 885 490 907 non
498 884 604 908 tamen
614 873 812 921 refipuerunt
820 873 838 906 a
845 873 900 908 sua
917 879 1122 911 contumacia
1130 904 1140 919 ‚
1151 891 1191 912 ne
1199 891 1287 913 mors
1294 882 1428 926 quidem
1437 881 1501 930 ipsa
1510 886 1619 930 potuit
1627 897 1683 918 eos

100 924 253 957 reducere
262 925 295 957 in
303 922 468 957 viam.Alii
477 934 657 970 exponunt,
668 925 824 970 Tace,quia
832 937 886 957 non
893 924 958 957 licet
964 924 1099 961 recordari
1104 929 1223 962 nominis
1232 932 1299 970 Dei,
1311 929 1375 964 hoc
1384 930 1521 976 est‚quid
1529 932 1624 966 nobis
1631 932 1681 966 af-

100 970 164 1005 fers
172 984 293 1006 nomen
302 973 368 1006 Dei
376 977 388 1006 ἓ
395 983 456 1005 nos
465 973 551 1004 enirn
561 971 753 1005 detestamur
765 970 852 1017 quali
862 969 1021 1006 sinistrum
1032 985 1142 1016 omen,
1154 975 1367 1012 &infaustum
1377 1006 1385 1013 .
1398 980 1490 1013 Deus
1500 982 1587 1014 enim
1596 981 1678 1014 nihil

100 1020 197 1055 nobis
204 1020 268 1054 laeti
277 1018 370 1054 affert
379 1045 388 1062 ‚
398 1020 675 1065 quemadmodum
691 1019 824 1068 reprobi
834 1019 982 1054 homines
998 1021 1191 1057 horrescunt
1200 1027 1240 1058 ad
1251 1026 1317 1060 Dei
1326 1039 1448 1061 nomen
1456 1054 1469 1068 ‚
1481 1032 1513 1061 δε
1522 1041 1559 1063 cu
1566 1041 1680 1077 petent

97 1069 228 1118 prorsus
236 1067 296 1104 effe
305 1068 463 1103 abolitum
473 1095 481 1103 .
512 1067 573 1102 Sed
584 1069 714 1102 videtur
724 1068 804 1101 mihi
815 1067 902 1102 aliud
913 1067 973 1102 effe
981 1070 1151 1105 consilium
1160 1071 1334 1121 Prophetae
1348 1101 1357 1116 ,
1368 1077 1459 1120 quod
1469 1089 1537 1111 non
1549 1078 1620 1111 satis
1629 1091 1684 1112 ex-

95 1118 243 1166 pendunt
259 1119 450 1165 interpretes
461 1144 469 1152 .
491 1115 585 1150 Prius
601 1118 740 1151 vidimus
748 1117 933 1164 hypocritas
948 1130 1032 1163 quos
1041 1119 1192 1169 obiurgat
1201 1122 1376 1170 ‚gloriatos
1391 1122 1482 1158 fuisse
1496 1126 1561 1160 Dei
1571 1128 1680 1160 nomi-

94 1179 136 1200 ne
149 1193 156 1201 .
175 1179 247 1200 nam
254 1165 411 1201 iablabant
423 1166 510 1199 diem
521 1164 660 1199 Domini
676 1166 710 1198 in
718 1165 812 1199 rebus
827 1164 966 1199 aduerfis
976 1192 984 1206 ,
997 1168 1082 1212 quasi
1091 1169 1244 1216 speranda
1259 1169 1335 1205 esset
1344 1175 1484 1206 mutatio
1506 1176 1539 1207 in
1550 1175 1674 1211 melius.

92 1216 131 1249 N
134 1228 196 1249 unc
204 1217 284 1249 dicit
292 1214 456 1262 Propheta
466 1223 639 1248 venturum
649 1225 786 1262 tempus,
795 1225 862 1259 quo
871 1213 928 1246 ista
935 1215 1059 1248 iaetatm
1067 1218 1183 1264 procul
1191 1216 1409 1266 faceffat‚quia
1417 1221 1556 1256 sentient
1567 1224 1677 1258 Deum

90 1264 151 1298 fibi
159 1263 311 1298 infestum
320 1263 380 1298 effe
391 1275 398 1296 :
409 1265 441 1295 δι
449 1262 592 1296 definent
605 1262 685 1297 falso
695 1263 872 1297 obtrudere
887 1265 955 1296 eius
963 1275 1083 1297 nomen
1092 1291 1101 1305 ,
1114 1268 1391 1311 quemadmodum
1399 1270 1533 1305 antehac
1543 1272 1630 1305 soliti
1640 1286 1676 1307 e-

90 1324 164 1347 rant
171 1338 178 1346 .
197 1311 308 1346 Subest
324 1315 423 1360 igitur
440 1310 602 1345 antithefis
610 1312 695 1345 inter
709 1311 795 1345 hunc
803 1311 915 1345 locum
932 1311 1171 1360 &superiorem
1184 1342 1191 1350 .
1209 1315 1297 1349 Nam
1313 1319 1399 1365 prius
1409 1319 1551 1353 inuectus
1570 1320 1676 1354 fuerat

90 1361 255 1409 Propheta
264 1387 273 1402 ‚
283 1361 408 1394 inillam
418 1359 597 1407 peruersam
612 1361 791 1395 iactantiam
800 1386 809 1401 ‚
821 1372 924 1405 quum
933 1360 999 1393 Dei
1008 1373 1128 1395 nomen
1148 1363 1366 1399 obtenderent
1380 1366 1445 1401 fine
1457 1366 1523 1403 vllo
1540 1370 1676 1416 pudore.

90 1410 138 1443 Ol
146 1421 206 1443 nos
217 1414 323 1443 lumus
333 1410 473 1458 populus
483 1408 568 1449 Dei,
578 1420 639 1442 nos
646 1409 752 1443 sumus
759 1408 860 1442 santsta
867 1420 944 1456 gens
952 1434 963 1448 ‚
975 1421 1035 1442 nos
1043 1410 1150 1444 sumus
1161 1412 1227 1446 Dei
1235 1413 1402 1449 haereditas
1413 1441 1420 1449 .
1431 1415 1551 1462 Qum
1559 1429 1639 1465 ergo
1647 1420 1678 1451 i·-

86 1469 120 1494 ta
127 1459 354 1492 insolescerent
362 1484 372 1499 ,
383 1458 553 1490 &interim
563 1458 676 1505 procul
684 1457 702 1491 a
712 1458 742 1492 se
751 1457 942 1504 repellerent
951 1457 1078 1492 Deumi
1106 1459 1173 1493 sum
1182 1486 1191 1501 ,
1203 1464 1372 1498 nuncdicit
1381 1463 1546 1511 Propheta
1556 1491 1568 1506 ‚
1576 1466 1675 1501 Tunc

85 1506 250 1542 blanditiae
261 1506 326 1540 istae
334 1505 496 1541 cessabunt
506 1531 515 1546 ‚
526 1505 643 1550 quibus
655 1518 712 1539 vos
720 1519 807 1539 nunc
817 1507 965 1553 decipitis
974 1532 985 1546 ,
996 1472 1153 1541 n01iiiiiet
1166 1520 1227 1545 vos
1236 1509 1327 1545 Deus
1341 1524 1435 1559 perpe
1442 1524 1509 1546 ram
1519 1513 1608 1548 abuti
1617 1514 1676 1548 suo

84 1559 219 1590 nomine
230 1582 241 1596 ,
258 1555 535 1601 quemadmodum
553 1556 700 1588 hastenus
714 1554 837 1602 semper
852 1554 940 1588 soliti
955 1554 1026 1587 estis
1034 1581 1046 1596 ‚
1057 1559 1088 1588 ἃς
1105 1557 1212 1592 adhuc
1230 1562 1362 1607 pergitis
1379 1563 1412 1594 in
1431 1561 1484 1595 illa
1503 1564 1671 1610 prauitate.

85 1604 184 1641 Tunc
192 1604 350 1644 tacebitis,
358 1604 477 1649 inquit,
488 1604 526 1636 ad
543 1605 609 1638 Dei
620 1615 753 1645 nomen,
763 1603 831 1637 imo
838 1604 899 1637 erit
910 1602 1002 1637 vobis
1010 1603 1142 1639 horrori
1154 1633 1161 1641 .
1173 1606 1241 1640 Iam
1251 1619 1397 1643 tenemus
1408 1608 1580 1657 Prophetae
1589 1624 1671 1646 con-

82 1652 190 1689 filium
199 1682 207 1689 .
228 1652 391 1701 Significat
401 1663 522 1685 tantam
541 1651 612 1686 fore
624 1653 829 1685 atrocitatem
841 1652 959 1687 vltimae
968 1652 1064 1685 huius
1072 1654 1168 1688 cladis
1177 1680 1186 1696 ,
1199 1665 1234 1689 vt
1241 1654 1312 1691 sero
1324 1657 1473 1692 Israelitae
1483 1659 1602 1694 sensuri
1614 1660 1674 1695 sint

84 1703 197 1739 Deum
207 1699 268 1736 effe
280 1701 336 1735 sibi
351 1699 503 1734 infestum
512 1701 634 1735 hostem
645 1726 654 1742 ‚
666 1702 711 1734 ita
720 1711 756 1734 vt
765 1700 917 1734 abiiciant
923 1699 1032 1733 falsam
1047 1701 1279 1748 gloriationem
1291 1730 1300 1746 ‚
1310 1718 1373 1751 qua
1381 1707 1568 1755 turgebant.
1600 1708 1673 1743 Ιη1ὸ

82 1753 240 1788 horreant
247 1751 286 1785 ad
294 1761 414 1783 nornen
425 1747 528 1797 ipsum
539 1752 603 1784 Dei
614 1776 623 1791 ‚
633 1751 709 1795 quia
715 1749 898 1797 intelligent
907 1748 988 1782 nihil
997 1747 1055 1782 fibi
1066 1748 1126 1783 esse
1143 1752 1257 1787 melius
1266 1779 1277 1793 ,
1287 1754 1385 1800 quam
1393 1755 1548 1790 abscondi
1557 1757 1596 1791 ab
1605 1760 1673 1791 eius

81 1801 175 1842 facie,
185 1799 458 1846 quemadmodum
467 1798 506 1831 de
515 1798 664 1846 reprobis
672 1799 804 1838 dicitur,
813 1798 923 1831 dicent
931 1797 1109 1840 montibus,
1121 1799 1261 1847 Operite
1269 1806 1378 1843 nos,&
1387 1804 1670 1846 collibuS,Obrui-
1684 1815 1845 1848 Apoc.6.d.xc

80 1860 114 1885 te
127 1862 185 1884 nos
195 1847 267 1883 :Sic
274 1859 369 1882 etiam
378 1847 525 1880 hocloco
536 1873 546 1889 ‚
557 1847 611 1881 vbi
619 1845 753 1895 perculsi
762 1845 897 1887 fuerint,
909 1849 941 1879 &
953 1845 1036 1880 serio
1047 1847 1243 1882 consternati
1254 1851 1454 1885 Deiiudiciis
1471 1852 1669 1900 hypocritae,

78 1899 160 1934 dicit
169 1896 334 1945 Propheta
348 1908 416 1929 non
426 1896 560 1943 amplius
570 1895 679 1929 locum
692 1894 765 1928 fore
784 1893 864 1928 falsis
875 1894 1006 1928 illorum
1022 1895 1273 1943 gloriationibus
1281 1924 1292 1939 ‚
1306 1900 1383 1944 quia
1390 1899 1511 1935 scilicet
1530 1904 1669 1940 lentient

77 1949 222 1994 quandiu
232 1944 489 1993 propinquisunt
497 1946 589 1988 Dee,
598 1944 628 1978 se
636 1945 736 1978 exitio
746 1944 952 1992 propinquos
962 1940 1023 1977 effe
1031 1969 1039 1977 .
1053 1950 1127 1980 Tace
1135 1957 1225 1994 ergo,
1236 1951 1303 1996 quia
1312 1962 1367 1983 non
1375 1948 1495 1997 estquod
1501 1949 1669 1990 recordemur

74 1997 194 2033 nominis
201 2003 217 2030 Ι
220 1993 449 2040 ehouae.Sequitii
453 2004 481 2035 r,

122 2077 230 2142 Qija
244 2097 330 2126 ecce
343 2076 496 2124 Iehoua
515 2075 748 2143 praecipiens
762 2111 774 2131 ,
785 2083 829 2124 &
843 2076 1034 2142 percutiet
1049 2076 1229 2126 domum
1243 2097 1442 2148 magnam
1452 2076 1669 2130 mixtioniss

72 2149 232 2210 bus(vel
237 2144 563 2209 contritionibm)&
576 2145 756 2193 domum
769 2163 940 2212 paruam
950 2146 1061 2194 rimis
1073 2148 1154 2209 (vel
1160 2153 1315 2215 rupturis
1325 2150 1661 2219 autsczssionibus,vt

71 2214 478 2284 vertunmelsciffisris.)
499 2233 501 2235 ·

201 2311 266 2345 Hic
276 2308 382 2345 versus
389 2309 518 2343 additus
526 2307 569 2342 est
588 2306 713 2343 tantiim
722 2308 762 2343 ad
779 2306 1064 2343 confirmationem
1079 2311 1233 2359 proxima?
1242 2310 1423 2346 sententiae.
1442 2311 1608 2362 Significat
1623 2328 1659 2350 e·

71 2361 140 2395 nim
154 2359 320 2409 Propheta
336 2369 401 2392 tam
419 2370 568 2406 proceres
583 2357 682 2403 quam
697 2357 814 2405 vulgus
826 2357 931 2406 ipsum
946 2356 1061 2392 frustra
1078 2357 1244 2393 confidere
1258 2360 1319 2394 suae
1336 2361 1459 2407 quieti,
1480 2365 1557 2408 quia
1577 2364 1656 2398 Do-

72 2411 176 2444 minus
185 2421 296 2443 omnes
305 2406 395 2441 fimul
404 2407 518 2454 perdet
525 2405 543 2439 ὲ
554 2406 680 2440 summo
691 2405 792 2451 vsque
800 2407 840 2440 ad
850 2405 1009 2441 infimum.
1020 2412 1103 2448 Ecce,
1111 2409 1230 2454 inquit,
1240 2410 1506 2458 Iehouapraecipiens
1514 2438 1521 2444 .
1534 2412 1653 2459 Qum

73 2459 283 2507 praecipiendi
304 2456 407 2491 verbo
424 2457 544 2496 vtitui·‚
556 2453 711 2503 significat
726 2455 804 2488 Deo
817 2454 933 2488 multas
942 2451 1003 2489 effe
1021 2458 1162 2490 rationes
1169 2457 1204 2490 in
1224 2469 1380 2506 promptu
1390 2485 1399 2501 ‚
1411 2459 1529 2505 quibus
1546 2472 1602 2494 eos
1611 2473 1652 2494 o-

72 2516 163 2541 mnes
171 2505 262 2541 tollat
270 2505 287 2538 ὲ
295 2506 405 2539 medio
413 2530 425 2545 ,
435 2507 467 2537 δε
475 2504 580 2538 deleat
590 2531 598 2538 .
617 2502 678 2538 Sed
688 2501 772 2537 vltra
782 2505 879 2537 etiam
900 2505 1111 2552 progreditur
1120 2531 1130 2547 ‚
1142 2518 1257 2554 nempe
1266 2506 1435 2541 interitum
1448 2508 1593 2555 ipsorum
1604 2508 1654 2542 es-

72 2555 104 2590 se
119 2556 153 2589 in
159 2553 229 2588 solo
246 2555 310 2589 Dei
319 2566 399 2588 nutu
408 2579 420 2594 ‚
430 2552 489 2588 acsi
507 2554 646 2595 diceret,
658 2553 795 2599 quanuis
813 2553 978 2588 Dominus
995 2565 1064 2587 non
1081 2554 1219 2588 accersat
1232 2555 1395 2589 ministros
1411 2557 1557 2589 vindictae
1572 2557 1651 2598 suae,

70 2605 209 2650 quanuis
216 2615 282 2637 non
292 2612 382 2651 paret
388 2601 503 2636 multas
514 2602 622 2653 copias
631 2627 640 2642 ,
650 2600 776 2635 tantum
785 2601 841 2636 vbi
851 2601 985 2637 verbum
994 2603 1169 2650 protulerit
1176 2630 1188 2643 ‚
1199 2615 1257 2637 vos
1266 2615 1377 2638 omnes
1385 2605 1564 2651 extinguet.
1578 2605 1650 2639 Te-

71 2664 184 2687 nemus
194 2663 272 2699 ergo
279 2664 364 2686 nunc
373 2652 452 2697 quid
460 2649 615 2698 significet
625 2649 789 2697 Propheta
802 2662 859 2698 per
867 2649 1004 2684 verbum
1021 2649 1234 2698 Praecipiendi
1247 2678 1254 2686 .
1273 2650 1388 2685 Postea
1399 2653 1547 2700 adiungit
1556 2679 1566 2693 ,
1579 2660 1650 2688 Per-

71 2702 158 2736 oetiet
167 2698 610 2748 domummagnammixtionibus:
636 2699 691 2732 alii
702 2708 832 2733 vertunt
841 2724 850 2740 ‚
861 2700 1076 2733 contritiones
1087 2726 1094 2733 .
1107 2710 1165 2733 τοῦ-ι
1178 2698 1332 2747 fignificat
1350 2700 1482 2748 proprie
1503 2701 1644 2736 miscere.

72 2749 143 2798 Ego
150 2751 248 2798 igitur
263 2761 333 2783 non
339 2747 457 2783 dubito
469 2774 479 2788 ,
491 2749 572 2794 quin
580 2747 635 2782 hic
651 2759 763 2796 graues
774 2747 882 2780 ruinas
899 2746 1059 2795 intelligat
1069 2745 1235 2795 Propheta
1244 2774 1256 2789 ,
1266 2747 1375 2794 quales
1383 2749 1490 2784 solent
1503 2751 1649 2786 accidere

71 2799 191 2847 magnis
198 2801 230 2831 δε
237 2797 411 2847 splendidis
419 2797 543 2845 palatiis
551 2822 558 2830 .
588 2795 621 2829 Si
629 2796 720 2842 quod
731 2796 896 2844 tugurium
906 2797 1065 2829 euerritur
1074 2822 1084 2837 ,
1095 2795 1267 2830 nontrahit
1274 2796 1333 2830 suo
1343 2798 1489 2845 pondere
1496 2808 1561 2832 tarn
1572 2811 1646 2848 gra-

71 2857 144 2882 uem
151 2848 285 2882 ruinam:
294 2848 362 2880 imo
372 2856 407 2879 vt
416 2846 591 2893 plurimum
600 2847 700 2879 ruinae
710 2843 806 2878 initio
817 2854 984 2892 apparent,
996 2843 1092 2877 frusta
1101 2845 1256 2891 paulatim
1264 2847 1441 2880 concidunt
1451 2873 1458 2880 .
1477 2847 1524 2882 Ita
1535 2857 1645 2881 totum

70 2906 149 2944 opus
157 2895 221 2929 fine
229 2896 352 2943 impetu
360 2894 479 2929 labitur
489 2920 495 2927 .
507 2893 596 2935 Hoc,
604 2894 870 2939 inquam,accidit
882 2894 1001 2941 exiguis
1009 2896 1040 2926 &
1054 2893 1186 2941 plebeiis
1195 2894 1357 2928 domibus.
1373 2893 1434 2928 Sed
1442 2893 1530 2940 fiqua
1537 2895 1643 2929 moles

69 2942 108 2979 fit
115 2943 252 2983 aedificii,
260 2943 363 2979 trahet
373 2943 477 2978 secum
485 2955 632 2990 magnam
642 2945 768 2976 ruinam
777 2968 785 2975 .
803 2941 1001 2975 Mixtionem
1010 2943 1108 2990 igitur
1118 2942 1256 2976 libenter
1265 2954 1372 2984 verto,
1383 2945 1468 2978 &ita
1478 2945 1641 2992 optimum

71 2993 130 3027 erit
136 2993 307 3027 discrimen
313 2994 397 3026 inter
404 2993 522 3026 domos
531 3004 643 3039 paruas
653 3017 663 3032 ‚
674 2994 705 3024 &
716 3003 844 3038 magnas
858 3018 865 3025 .
880 2998 985 3025 Domus
991 3003 1070 3039 ergo
1078 2992 1550 3039 magnapercutienturmi.x·tionibus
1560 3019 1569 3035 ‚
1580 2994 1643 3027 clo-

64 3054 132 3080 mus
138 3052 245 3081 autem
253 3053 359 3090 paruae
368 3043 588 3091 percutientur
595 3038 730 3075 sciffuris
740 3041 789 3073 vel
798 3041 893 3074 rimis
904 3038 965 3074 Sed
973 3042 1107 3081 interea,
1117 3041 1392 3086 quemadmodum
1400 3042 1461 3074 iam
1472 3042 1641 3090 admonui,
