2045 3466
363 115 609 184 explicatum
621 101 970 171 habeatur.Qod
982 101 1069 150 satis
1083 100 1280 169 stiporque
1291 98 1487 149 testantur
1497 117 1561 149 tot
1569 101 1673 150 illius
1686 103 1824 170 scripta
1836 142 1848 161 ‚
1859 105 1952 173 qui-

368 191 443 236 bus
458 183 615 251 singula
626 175 827 244 religionis
838 172 1078 221 Christiana:
1095 172 1221 237 capita
1237 169 1289 217 fic
1305 171 1425 237 plana
1434 171 1528 218 fecit
1543 209 1555 227 ‚
1568 187 1613 220 vt
1632 164 1874 220 fidissimum
1886 175 1953 223 in«

372 270 590 320 terpretem
611 246 834 314 agnoscant
847 261 1013 297 omnes,
1025 239 1099 287 nisi
1113 239 1270 306 prorsus
1281 239 1335 288 ad
1349 236 1662 306 solem⁷caligent
1673 278 1682 286 .
1693 249 1778 288 Iam
1793 241 1892 291 vero
1907 261 1957 295 vt,

373 340 436 372 tot
451 322 572 369 etiam
588 318 669 363 eius
680 312 1014 362 Commentarios
1028 328 1139 356 nunc
1155 325 1324 363 taceam,
1337 309 1380 355 in
1391 309 1453 355 his
1465 308 1791 357 Praeleffiom'bus
1804 312 1857 358 ita
1867 310 1904 359 se
1917 312 1953 359 i—

376 394 441 460 pse
457 384 654 454 superauit
665 421 677 439 ,
693 400 738 433 vt
761 383 829 432 vix
847 379 1063 448 quisquam
1078 376 1152 424 fibi
1171 377 1425 443 persuadeat,
1435 395 1671 444 extempore
1687 395 1772 425 tam
1786 381 1956 429 concin-

379 479 476 509 nam
487 455 715 504 orationem
727 488 738 507 ,
750 449 904 516 suisque
916 447 1095 495 numeris
1109 446 1334 494 absolutam
1350 446 1518 493 fluxisse.
1534 465 1634 493 nam
1643 449 1814 514 propriis
1823 451 1956 499 verbis

380 524 626 598 grauissimas
642 519 852 570 sententias
863 517 1048 583 explicat,
1063 513 1242 563 dilucid&
1263 519 1404 562 traRat
1419 533 1478 561 res
1488 515 1694 572 obscuras,
1708 518 1824 565 variis
1834 537 1956 566 orna—

382 595 529 646 mentis
544 591 662 643 vestit
680 605 824 656 eatque
838 587 882 633 in
897 584 1093 632 docendo
1111 587 1165 632 ita
1188 583 1449 652 progreditur
1462 619 1475 639 ‚
1488 601 1533 632 vt
1555 602 1683 650 genus
1697 583 1864 633 dicendi
1887 587 1957 636 sua

385 671 526 733 sponte
546 662 680 709 fusum
698 696 708 714 ‚
724 677 810 726 quo
830 655 981 710 vtitur,
996 653 1069 701 diu
1086 653 1346 721 multumque
1358 652 1609 699 elaboratum
1625 652 1740 700 fuiss‘e
1755 655 1955 706 videatur.

386 734 465 784 Sed
483 731 594 779 malo
611 729 663 776 de
681 728 742 775 his
757 725 950 774 omnibus
973 723 1172 770 iudicium
1194 719 1280 768 fieri
1297 740 1345 768 ex
1365 718 1444 786 ipsa
1464 721 1638 769 led'tione
1655 721 1781 789 quum
1798 723 1956 792 fingula

388 802 582 872 prolixius
593 795 1006 851 traecando,Le6t0res
1022 791 1174 839 diutius
1190 790 1540 838 remorari.Valetc
1552 791 1676 858 igitur
1687 810 1895 861 quotquot
1906 816 1957 845 ex

385 875 448 922 his
458 867 780 918 Praeleffionibus
800 866 980 912 studium
1004 862 1183 929 aliquem
1200 859 1254 907 ad
1269 880 1342 912 vos
1359 858 1586 909 rediturum
1602 860 1759 928 speratis
1776 901 1784 911 .
1823 872 1957 914 Gene-

388 934 853 1000 uae,Calen.Pebruatij,
887 940 944 980 M.
994 940 1046 979 D.
1096 937 1236 977 LIX.

1480 1147 1559 1188 IN
1606 1146 1959 1198 HOSEAM
