2045 3466
395 108 457 141 526
1017 94 1086 130 IN
1126 89 1446 129 OBADIAM

397 154 706 210 potestatequu'um
715 154 881 193 Dominus
888 156 1055 192 Christum
1062 156 1156 189 suum
1170 156 1348 201 mittct‚qui
1357 165 1426 189 non
1434 151 1537 187 modo
1544 164 1594 187 res
1604 152 1686 187 colla
1714 151 1759 186 sas
1766 152 1927 196 restituat,
1933 154 1992 192 sed-

413 212 510 243 etiam
526 209 584 254 qui
603 208 718 241 reddat
734 206 848 240 statum
862 206 976 255 populi
991 206 1082 239 omni
1092 217 1129 238 ex
1138 214 1227 253 parte
1239 203 1376 237 foelicem
1385 228 1392 235 .
1412 201 1541 235 Summa
1553 203 1652 250 igitur
1663 202 1694 233 ei
1717 226 1727 243 ,
1736 213 1804 235 non
1821 204 1926 239 modo
1935 216 1990 239 re.

402 256 602 305 cuperabunt
614 256 716 290 Iudaei
724 267 773 289 res
782 256 934 303 perditas,
945 254 998 288 sed
1007 255 1098 299 quod
1107 252 1255 285 hadenus
1265 264 1332 285 non
1341 253 1452 285 datum
1461 248 1526 284 fuit
1534 249 1593 284 illis
1603 250 1764 299 possidere
1772 275 1786 291 ‚
1793 250 1858 285 hoc
1869 252 1992 287 Domi-

401 318 460 339 nus
470 304 529 337 illis
538 306 570 337 in
580 317 710 338 manum
718 302 894 345 tradet,vbi
903 303 1067 336 aduenerit
1077 299 1405 345 Christus.Sequitur‚

343 374 381 398 ιι
469 360 517 399 Et
532 351 749 400 ascendent
763 351 976 399 seruatores
987 352 1031 398 in
1047 351 1190 398 monte
1203 350 1314 404 Sion,
1324 348 1376 394 ad
1390 346 1660 395 iudicandum
1675 365 1865 396 montem
1880 351 1993 398 Esau:

404 430 448 470 δε
461 439 532 468 ent
544 422 705 468 lehouae
717 430 923 487 Regnum.
1918 467 1923 470 ,

481 490 547 524 Hic
557 488 721 538 Propheta
730 491 809 523 dicit
819 485 881 521 effe
893 488 971 521 Deo
982 488 1014 520 in
1024 498 1120 520 manu
1128 484 1291 519 ministros
1301 510 1310 526 ‚
1321 496 1464 531 quorum
1472 496 1493 517 0
1520 496 1572 518 era
1582 483 1999 533 vtituradpopulum'suum

407 539 665 573 seruandumNc
672 551 734 584 quc
742 537 860 571 dubito
870 537 950 582 quin
958 537 997 569 ad
1008 534 1174 569 historiam
1186 534 1335 568 Iudicum
1342 532 1475 568 alludat.
1509 534 1608 567 cimus
1616 536 1701 567 enim
1709 535 1821 581 saepius
1829 531 1997 570 itaafflifih‘x

411 585 503 621 fuisse
514 587 672 635 populum
686 581 831 627 Ilrae'l‚vt
840 583 1039 618 incredibilis
1047 581 1123 618 esset
1132 583 1282 617 liberatio
1292 594 1299 614 ε
1309 585 1339 615 δε
1347 592 1454 615 tamen
1462 581 1574 630 saepius
1584 583 1680 616 ctiam
1688 583 1733 616 ita
1740 576 1911 617 liberatum
1921 579 1997 625 esse,

408 646 444 670 vt
453 634 545 668 facile
556 634 715 668 constaret
725 634 740 666 ὲ
750 633 833 667 coelo
852 645 982 666 manum
992 632 1058 666 Dei
1069 627 1246 680 apparuisse
1256 656 1262 663 .
1275 630 1393 675 Qum
1404 642 1482 677 crgo
1492 629 1556 663 hoc
1567 629 1638 663 satis
1656 642 1773 665 notum
1781 629 1857 664 effet
1868 632 1999 673 ludaeis,

407 687 471 719 iam
481 683 646 730 Propheta
655 684 811 716 admonet
819 680 924 715 adhuc
932 678 992 714 effe
1006 680 1082 714 Deo
1090 680 1215 726 aliquos
1224 680 1590 726 redemptoresininanu
1602 709 1612 722 ‚
1621 691 1724 727 quum
1734 678 1824 714 volet
1839 679 1999 728 populum

403 733 496 767 suum
506 732 665 780 colligere.
676 739 766 772 Deus,
778 731 996 777 inquit‚mittet
1001 729 1168 774 seruatores,
1179 738 1292 774 nempe
1304 726 1395 760 sicuti
1409 725 1489 760 olim
1498 725 1582 761 misit
1599 726 1742 774 patribus
1758 727 1871 763 vestris
1881 754 1889 762 .
1897 727 2002 777 reipsa

407 783 494 815 enim
505 781 627 829 experti
637 779 886 824 fueruntzneque
897 777 993 811 semel
1001 777 1153 811 duntaxat
1161 801 1170 816 ‚
1180 775 1234 808 sed
1244 774 1312 823 plus
1320 775 1425 808 decies
1438 801 1446 816 ,
1454 770 1545 821 quod
1554 774 1608 809 hic
1617 776 1697 810 dicit
1705 774 1871 824 Propheta
1880 802 1888 810 .
1911 776 2000 825 Ergo

347 826 355 840 '⁴
407 828 472 863 hoc
490 829 665 877 plurimum
675 827 779 861 valere
801 826 915 861 debuit
926 827 965 859 ad
977 823 1237 858 confirmandum
1257 824 1446 857 vaticinium
1454 849 1462 858 .
1483 822 1654 869 ,Asi-endem
1669 825 1770 871 igitur
1785 827 1843 871 qui
1855 826 2003 861 iudicent

410 888 559 911 montem
578 877 658 910 Esau
669 902 678 917 ‚
690 875 753 909 hoc
771 875 814 909 est
825 901 835 916 ‚
847 875 904 920 qui
923 872 1066 906 instruffi
1085 873 1152 906 Dei
1163 872 1281 905 virtute
1290 897 1301 912 ,
1311 874 1342 904 &
1356 871 1554 906 authoritate
1569 881 1678 919 poenas
1695 872 1822 906 sumant
1830 874 1870 907 de
1884 884 2000 909 monte

405 925 475 960 Scir
487 952 497 968 ‚
516 929 546 959 δε
557 927 596 960 de
605 935 699 973 gente
708 934 790 964 tota,
800 926 831 956 δε
844 923 1013 956 vindicent
1021 920 1257 960 crudelitatem,
1265 932 1361 965 quam
1370 921 1512 953 exercuit
1522 918 1631 954 Edom
1640 919 1791 954 aduersus
1799 919 2002 956 filiosAbra-

410 975 460 1008 hae
471 1002 479 1009 .
491 974 656 1008 Caeteiiim
665 999 676 1013 ,
688 972 740 1006 hic
751 972 841 1006 locus
851 969 993 1004 ostendit
1005 968 1173 1003 Christum
1191 980 1259 1001 non
1270 966 1361 1001 fuisse
1369 968 1550 1002 ministrum
1564 967 1765 1002 liberationis
1782 969 1929 1003 &salutis
1938 983 2003 1005 no-

410 1023 496 1063 strae,
507 1023 560 1057 sed
571 1019 662 1056 fuiffe
673 1020 798 1067 speciali
809 1020 935 1054 ratione
945 1018 1151 1052 Seruatorem
1162 1016 1320 1058 nostrum,
1331 1017 1376 1050 ita
1386 1027 1422 1051 vt
1430 1018 1541 1051 vnicus
1548 1015 1585 1051 fit
1594 1017 1627 1050 in
1638 1016 1695 1051 illo
1703 1018 1818 1065 gradu.
1828 1017 1870 1052 Et
1877 1018 1941 1053 hoc
1949 1032 2002 1053 ar..

406 1081 596 1120 gumentum
605 1069 649 1104 est
665 1068 920 1103 efficacissimum
929 1068 1025 1102 etiam
1037 1076 1151 1100 contra
1159 1065 1243 1114 ipsos
1253 1065 1380 1099 Iudaeos
1390 1092 1397 1100 .
1416 1065 1571 1098 Fatentur
1579 1065 1731 1099 Messiam
1745 1064 1820 1100 fore
1826 1068 1943 1115 populi
1949 1080 2002 1102 re·

405 1122 613 1168 demptorem
624 1131 630 1151 2
641 1119 694 1152 sed
706 1118 831 1151 tantum
846 1115 992 1165 generale
1002 1115 1049 1148 illi
1058 1114 1273 1148 ministerium
1282 1112 1444 1153 tribuunt,
1453 1115 1728 1158 quemadmodum
1735 1118 1767 1148 ἃ,
1778 1116 1917 1158 Dauidi,
1926 1119 1959 1150 δι
1966 1129 2004 1152 μ

404 1169 455 1203 liis
466 1168 620 1217 Regibus.
632 1166 738 1213 Atqui
747 1165 837 1200 certo
848 1174 934 1213 patet
946 1177 982 1198 ex
990 1160 1136 1198 hocloco
1146 1162 1296 1196 Messinm
1305 1174 1373 1195 non
1382 1161 1442 1195 effe
1451 1174 1487 1195 ex
1495 1163 1662 1196 communi
1670 1164 1799 1204 ordine,
1809 1164 1884 1210 quia
1893 1163 2005 1199 serua-

403 1227 492 1251 tores
500 1230 529 1251 ei
537 1216 791 1251 subordinantur
801 1221 955 1260 tanquam
965 1211 1102 1245 ministri
1112 1237 1119 1244 .
1131 1211 1207 1245 Hoc
1216 1211 1328 1250 Iudaei,
1338 1209 1458 1244 etiamst
1466 1222 1596 1258 crepare
1606 1210 1757 1253 debeant,
1766 1224 1834 1246 non
1843 1213 2003 1250 auderent

405 1278 533 1314 negare:
544 1265 620 1311 quia
630 1263 803 1298 absurdum
813 1260 1005 1302 esset,vnum
1015 1257 1076 1294 effe
1085 1272 1121 1294 ex
1129 1259 1269 1293 aliorum
1279 1270 1416 1292 numero
1425 1284 1433 1291 .
1446 1259 1562 1305 Qum
1571 1270 1650 1307 ergo
1660 1259 1769 1294 miffus
1776 1259 1814 1294 fit
1820 1261 1886 1294 alio
1895 1263 2001 1297 modo

406 1315 614 1361 Redemptor
626 1315 656 1344 &
666 1309 926 1357 seruator‚quam
934 1308 1146 1354 aliizsequitur
1154 1319 1222 1341 non
1230 1306 1290 1341 ess'e
1300 1306 1467 1341 hominem
1473 1308 1694 1349 duntaxat‚sed
1703 1307 1763 1343 effe
1773 1309 1943 1344 authorem
1951 1311 2001 1345 sa·-

403 1362 481 1396 lutis
491 1390 498 1397 .
510 1361 664 1409 Excipere
673 1362 758 1394 enim
766 1365 953 1407 promptum
962 1367 1030 1392 erat
1038 1383 1050 1398 ,
1061 1356 1157 1401 Qid
1168 1357 1208 1390 de
1219 1356 1328 1391 multis
1337 1355 1600 1404 redemptoribus
1608 1356 1703 1390 nobis
1712 1356 1855 1403 loqueris
1864 1359 1878 1393 ,ἓ
1887 1370 2001 1395 nonne

404 1411 579 1459 sperandus
588 1408 632 1443 est
643 1421 725 1443 vnus
733 1407 904 1442 seruator?
920 1405 953 1439 Si
963 1405 1110 1454 pluribus
1121 1404 1286 1438 mandabit
1302 1405 1394 1437 Deus
1404 1403 1457 1437 has
1465 1414 1568 1452 partes
1580 1405 1694 1450 aequali
1711 1407 1815 1440 modo
1823 1432 1834 1448 ‚
1843 1408 2001 1452 quorsum

407 1469 473 1493 tam
482 1456 660 1506 magnifice
671 1456 898 1506 promissiones
908 1457 947 1489 de
957 1453 1074 1487 Messia
1082 1455 1097 1487 ,ἓ
1106 1466 1163 1488 cur
1171 1453 1295 1500 semper
1305 1454 1344 1486 ad
1355 1452 1445 1486 illum
1455 1454 1585 1486 vnicum
1595 1461 1808 1488 reuocamur?
1820 1456 1949 1502 curipse
1959 1459 2001 1490 ir·

408 1520 467 1542 nus
478 1507 573 1541 nobis
607 1507 784 1554 roponitur
795 1502 882 1550 quafi
892 1502 998 1536 salutis
1007 1501 1272 1535 fundamentum?
1281 1499 1381 1534 Certe
1393 1500 1468 1534 hinc
1478 1500 1653 1548 colligitur,
1661 1502 1827 1536 Christum
1834 1502 1875 1538 ab
1882 1504 1950 1537 aliis
1958 1517 2001 1539 o-

408 1556 538 1591 mnibus
546 1520 700 1603 difiingui
709 1579 719 1594 ,
732 1557 763 1586 ἃ
774 1552 853 1586 alios
861 1551 919 1586 sub
926 1562 1023 1584 manu
1031 1552 1098 1584 eius
1110 1547 1171 1583 effe
1188 1549 1382 1583 seruatores:
1394 1549 1503 1595 quales
1510 1548 1643 1584 fuerunt
1652 1549 1826 1598 Apostoli,
1836 1555 1867 1584 ἀ
1874 1551 1948 1586 sunt
1957 1562 2001 1587 o-

402 1617 494 1640 mnes
502 1604 613 1645 hodie,
621 1613 764 1650 quorum
773 1612 874 1648 opera
886 1603 916 1632 &
927 1598 1106 1632 ministerio
1116 1598 1207 1632 Deus
1217 1593 1387 1632 Ecclesiam
1395 1597 1481 1632 suam
1490 1607 1598 1631 tuetur
1610 1602 1641 1631 &
1652 1598 1804 1634 sustentat
1814 1627 1822 1634 .
1835 1599 1901 1634 Iam
1908 1602 2002 1636 addit

401 1654 568 1695 Jehouaefore
578 1650 835 1700 anum.Qum
844 1658 952 1682 autem
966 1657 1088 1681 eertum
1096 1645 1259 1687 s1t‚Deum
1269 1658 1338 1680 non
1347 1646 1439 1679 aliter
1448 1643 1582 1680 voluisse
1591 1645 1754 1689 dominari
1764 1649 1795 1682 in
1805 1649 1930 1696 populo
1937 1649 2000 1683 suo

400 1701 573 1749 postquam
585 1713 657 1734 eum
668 1698 806 1731 restituit
817 1722 826 1738 ‚
838 1696 895 1730 nifi
904 1708 959 1744 per
970 1695 1093 1729 Christi
1101 1707 1230 1728 manum
1241 1707 1249 1728 ε
1261 1695 1412 1743 Regnum
1423 1694 1544 1728 Christi
1554 1695 1663 1729 dicens
1675 1707 1772 1742 penes
1784 1695 1940 1732 Iehouam
1948 1698 2001 1732 es-

400 1751 433 1785 se
443 1776 452 1792 ‚
466 1753 540 1784 vere
549 1750 696 1784 diuinum
705 1744 765 1780 effe
774 1744 943 1793 fignificat,
953 1747 985 1778 δι
995 1745 1129 1790 quidem
1139 1742 1292 1777 illustrius
1301 1769 1310 1785 ‚
1319 1742 1417 1789 quam
1428 1742 1448 1775 si
1458 1743 1627 1777 hominum
1638 1755 1737 1791 opera
1748 1754 1903 1780 vteretur.
1935 1746 2002 1782 Sed

401 1800 470 1833 duo
479 1798 533 1832 hic
542 1798 687 1831 notanda
696 1795 792 1829 nobis
801 1795 1005 1840 lunt‚nempe
1015 1791 1106 1838 quod
1116 1791 1190 1826 vere
1200 1792 1388 1826 dominetur
1399 1793 1432 1824 in
1445 1792 1579 1840 persona
1591 1791 1712 1825 Christi
1721 1792 1811 1827 Deus
1819 1792 1895 1841 ipse:
1903 1794 1999 1828 dein-

401 1848 442 1881 de
455 1847 545 1892 quod
561 1847 613 1880 hic
625 1845 662 1879 sit
671 1845 831 1892 legitimus
841 1844 928 1876 ordo
939 1843 1085 1889 regendae
1094 1840 1289 1882 Ecclefiae,vt
1299 1839 1391 1874 Deus
1398 1840 1484 1874 solus
1494 1839 1658 1888 praefideat
1667 1866 1677 1882 ,
1692 1843 1723 1873 ἃ
1734 1837 2001 1889 imperiumsolus

399 1895 548 1929 Obtineat
559 1921 565 1927 .
577 1894 668 1942 Ergo
679 1894 736 1927 vbi
747 1891 838 1925 Deus
851 1903 920 1925 non
930 1894 1049 1924 eminet
1060 1902 1094 1925 vt
1104 1889 1189 1923 solus
1197 1888 1235 1924 fit
1244 1889 1315 1923 Rex
1326 1915 1335 1931 ‚
1345 1887 1491 1935 sequitur
1505 1890 1617 1922 omnia
1626 1887 1685 1922 esse
1698 1888 1836 1931 turbata,
1846 1889 1926 1924 nihil
1935 1890 1999 1926 esse

398 1944 523 1978 ordinis
535 1971 541 1978 .
558 1943 629 1976 Rex
641 1950 747 1975 autem
758 1951 826 1973 non
837 1950 973 1974 vocatur
984 1939 1077 1972 Deus
1085 1939 1173 1972 inani
1182 1936 1291 1979 titulo,
1301 1937 1355 1971 sed
1364 1947 1442 1972 tunc
1453 1937 1524 1971 Rex
1531 1936 1606 1971 vere
1614 1936 1773 1978 censetur,
1781 1937 1836 1972 vbi
1844 1949 1955 1973 omnes
1964 1939 1999 1974 se

397 1993 446 2027 illi
455 1991 632 2026 subiiciunt
642 2017 653 2031 ,
663 1988 719 2023 vbi
730 1987 832 2023 verbo
841 1987 898 2022 suo
910 1999 966 2021 eos
974 1988 1072 2035 regit:
1086 1988 1227 2032 denique
1239 2012 1248 2027 ‚
1259 1985 1315 2020 vbi
1324 1985 1414 2020 silent
1424 1998 1535 2019 coram
1546 1984 1626 2020 facie
1633 1987 1700 2020 eius
1711 1997 1823 2020 omnes
1831 1998 1995 2023 creaturan

397 2041 478 2075 Deo
489 2042 587 2088 igitur
597 2050 732 2088 regnum
741 2038 814 2071 erit.
822 2035 909 2084 Ergo
919 2036 1067 2070 videmus
1076 2035 1197 2070 nullam
1206 2032 1266 2069 effe
1277 2033 1423 2069 Ecclesiae
1432 2033 1644 2076 formam,vbi
1655 2033 1791 2068 verbum
1800 2035 1868 2069 Dei
1876 2036 1996 2071 autho-

395 2095 492 2124 ritate
499 2089 554 2123 sua
569 2100 637 2122 non
650 2087 772 2136 pollet,
781 2093 818 2119 vt
825 2084 1008 2133 compescat
1029 2084 1192 2130 quidquid
1201 2083 1244 2117 est
1254 2083 1433 2118 altitudinis
1443 2084 1476 2116 in
1484 2082 1671 2117 hominibus
1685 2108 1694 2124 ‚
1706 2085 1738 2116 δε
1748 2085 1871 2132 redigat
1877 2084 1935 2119 sub
1943 2086 1998 2119 iu-

396 2151 474 2186 gum
483 2163 495 2178 ,
505 2148 540 2173 vt
547 2137 668 2172 scilicet
677 2145 789 2170 omnes
801 2135 963 2182 pendeant
970 2131 989 2167 ὲ
998 2132 1070 2166 solo
1083 2133 1161 2167 Deo
1169 2159 1180 2175 ,
1189 2135 1222 2166 &
1230 2144 1342 2167 omnes
1354 2144 1429 2167 eum
1437 2131 1613 2180 suspiciant
1621 2157 1634 2174 ,
1642 2132 1708 2180 ipse
1718 2141 1826 2167 autem
1834 2132 1998 2183 habeam-3

398 2199 488 2222 mnes
497 2185 554 2222 fibi
560 2185 730 2223 subieetos.

1054 2257 1337 2298 (Lenaea-rio·

395 2344 519 2425 DA
525 2338 722 2388 omnipotens
731 2328 963 2387 Deus,quando
971 2335 1007 2370 in
1015 2328 1071 2370 hoc
1079 2331 1193 2370 mundo
1194 2331 1242 2386 fic
1250 2331 1284 2370 di
1289 2329 1384 2385 {hersi
1385 2333 1630 2386 peregrinamur,
1639 2341 1678 2368 ‘vt
1684 2332 1782 2368 eriam
1789 2322 1931 2369 horribile
1937 2322 1997 2371 boc

463 2392 680 2448 speclaculum
707 2390 880 2445 expositum
880 2389 929 2444 fit
936 2389 1025 2427 oculis
1033 2391 1144 2428 nostris
1154 2417 1163 2438 ‚
1173 2389 1248 2428 dum
1254 2389 1401 2427 ‘videmus
1410 2388 1520 2440 miser&
1528 2389 1694 2426 laceratam
1703 2385 1764 2442 effi
1783 2400 1870 2426 mam
1879 2388 1996 2427 Eccle-

383 2451 521 2510 siamsda
529 2455 661 2504 inquam
669 2478 680 2494 ,
689 2461 728 2486 vt
735 2461 812 2487 ‘vera
820 2450 938 2485 virtute
956 2451 1090 2500 Spiritus
1099 2452 1146 2484 tui
1154 2444 1300 2498 inst-mai
1311 2451 1361 2490 (φ
1371 2449 1408 2483 in
1415 2460 1515 2484 ‘vnum
1524 2444 1644 2484 'collech
1650 2445 1716 2499 ,fic
1725 2445 1860 2483 colamus
1866 2445 1996 2495 frater-

389 2526 469 2550 nam
476 2507 727 2547 beneuolentiam
735 2510 819 2544 inter
826 2519 892 2548 nos,
907 2516 942 2541 vt
951 2504 1079 2557 quisque
1087 2503 1167 2542 alios
1175 2509 1282 2542 iuuare
1289 2503 1425 2542 studeat.-
1438 2509 1489 2547 (φ
1497 2508 1615 2541 interea
1625 2508 1720 2540 eriam
1728 2503 1826 2540 oculos
1834 2515 1997 2542 teneamus

393 2568 551 2608 conieclos
559 2569 595 2603 in
605 2557 760 2614 Christum
768 2576 854 2601 tuum
864 2577 873 2599 :
883 2567 933 2605 &⁴
942 2574 1121 2615 quanquam
1129 2559 1206 2599 dura
1215 2564 1388 2599 certamina
1396 2576 1451 2598 nos
1459 2573 1612 2600 maneant
1622 2589 1633 2605 ‚
1643 2560 1851 2614 tamenfimus
1856 2557 1919 2611 stab
1929 2565 1997 2600 eius'

391 2624 531 2682 prasidio
542 2629 593 2668 (9⁴
594 2621 663 2677 fide
672 2648 684 2667 ,
697 2626 748 2665 ξφ
757 2625 802 2660 ita
813 2617 1065 2657 exerceamurad
1065 2622 1257 2673 patientiam
1263 2646 1275 2663 ,
1289 2630 1327 2656 *vt
1334 2618 1451 2656 militia
1467 2621 1575 2656 nostra
1586 2617 1747 2672 perfuncfft
1757 2617 1884 2659 tandem
1886 2621 1996 2671 potia-

393 2697 466 2722 mur
473 2680 564 2719 beata
574 2679 629 2718 illa
639 2683 853 2734 quiem-,quam
861 2673 944 2714 nobis
949 2674 1104 2729 pollicitus
1110 2691 1156 2721 es,
1172 2681 1224 2721 (9⁴
1231 2689 1297 2731 qux
1309 2673 1392 2714 nobis
1400 2676 1528 2730 reposita
1537 2679 1589 2714 es}
1594 2680 1630 2713 in
1639 2675 1712 2713 coelo
1712 2674 1815 2729 ,sicuti
1828 2679 1924 2713 etiam
1933 2690 1995 2733 not

389 2738 433 2797 lna
436 2739 678 2794 peperitssngui
680 2751 722 2775 ne
718 2736 780 2789 suo
787 2735 875 2776 idem
883 2740 907 2773 C
909 2730 1022 2784 hristus
1022 2733 1110 2789 filius
1117 2746 1186 2773 tuus
1198 2737 1360 2773 Dominus
1365 2731 1612 2786 n‹ster,.aetmen.>

827 2866 833 2880 ‘
1630 2869 1972 2920 1N10NAM
