2045 3466
388 181 453 213 280
831 186 833 189 f
992 165 1007 199 1
1021 165 1059 201 N
1099 165 1129 199 A
1148 162 1185 198 M
1203 164 1238 198 O
1253 162 1274 197 S

391 230 589 266 familiariter
606 228 635 262 se
644 227 683 262 ad
691 225 861 260 modulum
879 220 1024 258 nostrum
1033 222 1258 256 accommodat
1269 249 1276 257 .
1293 220 1381 255 Nam
1394 218 1491 267 quod'
1504 220 1646 255 Hilarius
1664 220 1910 269 philosophatur
1924 221 1967 256 'de

390 283 507 313 anima:
519 277 605 323 quasi
616 279 706 311 Deus
715 285 804 323 pater
815 276 898 307 iuret
907 286 963 322 per
973 272 1158 320 sapientiam
1167 270 1267 311 suam,
1277 269 1431 304 friuolum
1445 269 1497 303 est.
1509 270 1607 303 Certe
1617 270 1668 303 ille
1677 269 1783 303 bonus
1791 271 1842 304 vir
1848 269 1929 303 nihil
1937 282 1972 303 a-

393 329 461 362 liud
474 326 571 372 quam
581 324 723 360 ludibrio
734 322 899 371 prostituit
907 323 1013 355 ianam
1023 321 1201 354 dcfflinam
1211 344 1220 360 ‚
1231 318 1303 352 curn
1313 319 1408 354 vellet
1423 317 1567 353 refellere
1578 319 1736 351 Attianos
1745 344 1752 351 .
1765 319 1856 352 Deus
1865 316 1974 359 Pater,

395 377 503 420 inquit
511 401 522 415 ,
533 376 615 408 iurat
626 385 680 420 per
688 373 773 406 suam
783 371 969 418 sapientiam
981 394 987 402 .
1004 369 1109 413 Atqui
1118 379 1186 400 non
1197 369 1317 400 iuraret
1325 379 1381 414 per
1390 365 1578 399 inferiorem
1587 368 1644 411 qui
1655 378 1711 414 per
1720 366 1750 400 se
1760 366 1862 414 ipsum
1871 367 1977 400 iurare

395 424 492 456 solet.
505 422 664 470 Sapientia
673 419 894 460 aurcmffiifius
903 418 946 450 est
959 419 1144 464 vnigenitus
1153 414 1236 448 Dei.
1248 417 1342 450 Vnde
1352 415 1628 460 sequsturffiilium
1637 413 1698 448 else
1711 415 1799 450 Patri
1811 415 1977 460 aequakm.

397 471 562 505 Videntur
572 471 638 505 haec
648 469 824 519 plausibilia
833 467 939 514 primo
948 467 1067 499 intuitu
1079 464 1148 497 :sed
1155 465 1228 497 sunt
1235 474 1327 511 nuga:
1337 463 1473 511 pueriles
1485 490 1493 498 .
1503 463 1590 511 Ergo
1599 465 1777 497 notandum
1788 462 1831 497 est
1841 489 1852 503 ,
1864 464 1976 498 Deum

394 521 538 553 mutuari
553 519 592 553 ab
601 517 786 552 hominibus
796 515 923 549 iurandi
933 512 1070 546 formam
1080 525 1088 546 ι
1097 511 1156 546 acfi
1166 514 1304 554 diceret,
1320 513 1353 546 Si
1364 513 1505 546 creditur
1521 511 1708 545 hominibus
1717 513 1794 545 dum
1806 524 1860 559 per
1877 513 1978 544 vitam

394 569 481 602 suam
494 570 536 602 iul
545 568 589 609 fit,
601 580 672 613 quae
683 577 787 600 tamen
795 563 839 597 est
850 563 1006 596 euanidus
1015 560 1138 595 fumus:
1150 559 1527 608 quanriponderisdebet
1537 557 1596 593 effe
1605 559 1907 606 iusiurandum·,quo
1916 571 1978 601 ego

393 619 576 664 oppignero
588 619 687 650 vitam
700 615 787 647 mesi?
800 612 914 658 Qum
924 622 1002 658 ergo
1012 611 1103 644 Deus
1113 611 1156 642 ita
1165 608 1410 655 loquitur,eerte
1419 607 1624 642 tremefacere
1633 608 1730 642 debet
1739 620 1845 643 totum
1852 599 1978 642 orbein.

396 666 427 698 N
436 678 495 699 unc
507 677 584 712 ergo
594 674 738 698 tenemus
747 661 920 708 Prophetae
931 657 1293 705 confiliumpcrgamus:

357 748 381 781 9
453 735 502 774 Et
513 724 630 780 erit‚s1
646 722 851 771 restabunt
865 720 1009 767 decem
1020 719 1208 767 homines
1221 720 1264 765 in
1279 718 1412 772 domo
1427 719 1759 775 vna‚m0r1'entur‚

529 806 595 839 Hic
604 801 776 851 amplificat
785 799 951 848 Propheta
959 798 1080 832 cladem
1089 824 1098 840 ‚
1112 809 1183 844 quae
1194 798 1328 833 instabat
1337 799 1475 848 populo:
1486 799 1573 844 quasi
1583 802 1704 834 diceret
1713 813 1775 834 iam
1793 802 1901 837 Deum
1912 815 1982 838 „012

396 855 576 889 mediocres
591 852 794 899 sumpturum
805 860 912 897 poenas
921 848 959 880 de
977 846 1101 894 populo
1111 846 1174 880 isto
1189 847 1333 894 reprobo
1343 874 1352 890 ‚
1363 850 1438 894 quia
1447 847 1526 881 nihil
1542 847 1848 896 Pl'oficeretagendo
1864 853 1983 886 mode-⁶

400 902 598 938 ratezinstare
609 902 706 949 igitur
715 898 929 946 grauissimam
939 896 1125 935 vindiffitani,
1136 908 1207 941 quae
1216 905 1321 929 totum
1330 897 1487 944 populum
1495 898 1528 929 in
1537 896 1672 930 nihilum
1681 900 1815 945 redigat.
1826 900 1901 937 Huc
1909 911 1984 934 ten-

399 955 482 987 dunt
491 951 665 1000 Prophetae
675 947 771 982 verba
781 957 882 992 quum
891 944 970 977 dicit
980 947 1123 978 morituros
1132 943 1537 991 dnem‚fifiaperfiitesfiaerint
1549 948 1579 979 in
1587 944 1662 979 domo
1679 959 1735 979 vna
1746 971 1753 978 .
1764 947 1852 981 Nam
1872 961 1978 994 quum

395 1003 543 1037 nominat
559 994 877 1044 decemluperssite3‚
890 992 1070 1027 subindicat
1090 993 1151 1025 iam
1159 992 1299 1035 aliquam
1315 993 1436 1027 cladem
1451 991 1635 1040 pratcessiss}²
1647 1019 1656 1035 ,
1671 1006 1741 1039 quae
1756 994 1914 1031 sustulerit
1930 996 1982 1031 vel

395 1051 570 1085 dimidium
588 1057 771 1085 numerum,
785 1043 838 1079 vel
846 1041 956 1076 saltem
964 1041 1089 1086 aliquos
1101 1054 1137 1074 ex
1145 1040 1283 1082 familia,
1292 1040 1313 1074 fi
1324 1053 1402 1089 ergo
1411 1040 1628 1088 superfuerint
1637 1043 1758 1076 decem.
1767 1044 1857 1078 Nam
1864 1058 1983 1079 mune-

397 1112 451 1134 rus
474 1097 529 1132 iste
547 1096 686 1131 ostendit
695 1091 790 1140 quam
806 1091 914 1125 seuera
926 1093 958 1123 ὃς
977 1089 1141 1123 horribilis
1159 1090 1315 1124 Dcivltio
1332 1102 1457 1124 maneat
1472 1090 1629 1138 populum
1641 1090 1746 1132 hunc,
1758 1091 1848 1138 quenl
1862 1093 1986 1128 scffioet

396 1146 577 1193 deremfimul
583 1145 728 1180 tollentur.
740 1141 814 1174 Hoc
823 1150 942 1178 autem,
953 1141 1048 1171 etiam
1058 1150 1157 1183 quum
1165 1137 1317 1185 grassatur
1325 1138 1404 1172 saeua
1413 1138 1504 1186 pestis
1513 1164 1524 1179 ,
1533 1137 1606 1171 raro
1614 1140 1756 1173 accidere
1764 1141 1846 1175 solet
1854 1169 1863 1184 ‚
1874 1153 1909 1177 vt
1919 1143 1986 1176 do-

397 1209 469 1231 mus
479 1206 542 1229 tarn
557 1191 725 1228 numerosa
736 1196 864 1238 prorius
880 1189 1017 1221 intereat
1026 1212 1035 1228 ‚
1045 1186 1067 1219 si
1076 1186 1232 1220 tollantur
1248 1200 1283 1220 ex
1294 1197 1434 1233 quatuor
1449 1196 1531 1228 treS,
1542 1187 1595 1223 vel
1612 1200 1649 1220 ex
1658 1189 1734 1221 osto
1748 1189 1799 1222 sex
1816 1190 1867 1223 vel
1875 1193 1982 1236 'quin-

399 1257 476 1292 que,
488 1244 541 1278 illa
551 1243 725 1278 diminutio
733 1239 811 1271 lolet
824 1237 915 1271 valde
923 1246 1044 1269 terrere
1052 1235 1200 1268 homines
1209 1263 1216 1269 .
1245 1235 1362 1280 Qum
1371 1247 1478 1270 autem
1486 1236 1597 1270 deceni
1606 1235 1696 1269 simul
1706 1237 1866 1272 tolluntur
1878 1266 1887 1280 ,
1897 1243 1928 1272 &
1938 1252 1979 1273 ne

399 1305 481 1327 vnus
497 1293 629 1339 quidem
640 1298 781 1322 remanet
792 1313 801 1328 ,
810 1286 873 1327 hoc
885 1284 928 1319 est
938 1284 1060 1332 signum
1075 1283 1240 1318 horribilis
1248 1283 1314 1317 Dei
1336 1285 1486 1319 vindistae
1496 1310 1503 1316 .
1523 1284 1681 1319 Videmus
1689 1297 1765 1333 ergo
1783 1285 1983 1334 Prophetam
2003 1291 2009 1309 ’-

394 1343 453 1377 hic
470 1341 660 1376 denuntiare
677 1335 802 1385 populo
823 1334 1146 1369 vltimuminteritum
1157 1334 1248 1378 ‚quia
1265 1333 1408 1380 castigari
1423 1344 1490 1365 non
1507 1334 1650 1380 poruerit
1667 1334 1852 1369 mitioribus
1868 1338 1983 1383 poenis:

399 1403 501 1437 quum
513 1391 601 1424 Deus
613 1384 759 1422 tentasset
769 1396 841 1418 eum
851 1393 1003 1417 reuocare
1012 1381 1050 1414 ad
1059 1382 1163 1413 sanam
1175 1380 1412 1422 mentem,nihil
1422 1379 1884 1430 profecerat.Ergodesperatis
1895 1396 1988 1418 mor-

399 1439 448 1474 bis
456 1437 578 1472 nullum
590 1436 699 1484 potuit
710 1430 768 1468 effe
789 1432 966 1465 remedium
977 1455 988 1469 ,
999 1427 1119 1463 necesse
1130 1431 1227 1477 igitur
1239 1429 1299 1463 fuir
1310 1429 1382 1463 tolli
1391 1441 1426 1463 ex
1442 1430 1552 1463 medio
1562 1431 1619 1476 qui
1627 1428 1668 1464 fic
1683 1428 1986 1476 emmiu-curabiles,

399 1487 535 1523 Perilaunt
543 1486 642 1534 igitur
653 1481 744 1518 decem
752 1485 801 1530 qui
808 1478 953 1515 restabunt
960 1482 991 1514 iu
1001 1477 1076 1513 domo
1085 1477 1316 1525 ma.Sequitur:

346 1600 384 1624 ¹0
449 1577 494 1616 Et
504 1567 617 1615 tollet
628 1584 722 1613 eum
738 1581 900 1631 patruus
912 1561 1006 1616 eius,
1024 1569 1066 1609 &
1083 1561 1304 1608 auunculus
1315 1561 1481 1623 eius(vel
1488 1560 1665 1610 comburet
1673 1562 1824 1625 eum)ad
1833 1563 1983 1612 tollen-

398 1638 502 1686 dum
518 1634 632 1684 ossae'
646 1634 800 1681 domo:
821 1641 863 1679 ὅ(
881 1630 988 1678 dicet
1004 1629 1057 1676 ad
1074 1650 1169 1677 eum
1186 1631 1339 1697 quierit
1352 1631 1394 1675 in
1410 1630 1596 1678 lateribus
1607 1629 1770 1689 domus,
1780 1651 1831 1678 an
1846 1631 1984 1680 adhuc

399 1706 599 1774 quispiam
615 1705 766 1752 tecum?
780 1709 821 1748 δε
839 1697 1059 1755 dicet‚'finis
1075 1699 1131 1746 est
1145 1704 1209 1762 (ad
1222 1698 1481 1764 verbgnnfflhzl)
1496 1708 1538 1746 δε
1553 1698 1772 1760 dicet‚tace,
1787 1702 1883 1768 quia
1893 1720 1984 1749 non

398 1777 490 1824 licet
501 1772 699 1823 recordari
714 1769 896 1817 nominis
910 1767 1082 1816 Iehouae.

529 1861 631 1895 Initio
654 1857 762 1892 versus
772 1854 937 1903 Propheta
954 1853 1067 1888 clarius
1077 1854 1226 1902 exprimit
1241 1853 1331 1899 quod
1341 1863 1442 1900 nuper
1457 1851 1579 1886 dixerat
1587 1878 1598 1892 ‚
1606 1865 1720 1901 nempe
1729 1854 1847 1901 pestem
1867 1854 1938 1890 sore
1946 1855 1983 1890 αξ

400 1911 465 1944 deo
473 1909 602 1948 sacuam,
612 1917 646 1940 vt
656 1906 797 1940 absumat
808 1913 891 1936 totas
900 1901 1118 1936 domos.Nam
1128 1914 1229 1948 quum
1237 1903 1383 1947 loquitur
1393 1903 1432 1935 de
1441 1902 1881 1950 patruo,quiadsepeliendos
1891 1896 1982 1938 morss

403 1969 477 1992 tuos
489 1960 596 1993 veniet
605 1982 614 1998 ‚
625 1954 765 1988 ostendit
776 1978 785 1994 ,
794 1951 848 1984 nili
860 1953 999 1999 proximi
1007 1951 1070 1985 hoc
1078 1949 1192 1984 officio
1199 1949 1374 1997 fungantur
1382 1976 1391 1991 ‚
1407 1951 1560 1983 cadauera
1569 1949 1633 1983 illic
1641 1951 1786 1985 manlura
1795 1950 1855 1986 esse
1863 1952 1983 1999 absque

399 2006 560 2055 sepulchri
578 2005 718 2038 honore.
733 2013 801 2034 non
809 2000 889 2034 solet
905 2010 1011 2033 autem
1021 1999 1083 2033 hoc
1092 1998 1176 2039 fieri,
1185 1998 1243 2031 nisi
1252 2001 1285 2031 in
1293 1999 1427 2031 maxima
1438 1997 1597 2031 vastitate.
1616 1999 1766 2044 Qanuis
1774 2002 1858 2038 enim
1870 2002 1985 2047 quoti-

404 2057 457 2089 die
470 2054 562 2104 pestis
577 2053 694 2087 multos
703 2053 737 2084 in
746 2062 808 2084 vua
817 2050 894 2083 vrbe
906 2048 1048 2082 absumat
1057 2074 1068 2088 ‚
1077 2048 1150 2081 sunt
1160 2058 1264 2080 tamen
1274 2047 1374 2092 aliqui
1389 2048 1512 2093 semper
1521 2048 1577 2092 qui
1585 2046 1736 2094 sepeliant
1750 2059 1897 2083 mortuos
1906 2075 1913 2082 .
1931 2050 1982 2083 v-

402 2104 438 2138 bi
448 2105 547 2152 igitur
555 2098 676 2136 neceffe
688 2099 730 2133 est
740 2109 872 2146 patruos
879 2095 1010 2144 defungi
1023 2096 1086 2130 hoc
1095 2094 1209 2130 officio
1218 2121 1229 2136 ,
1237 2107 1367 2143 apparet
1376 2106 1493 2140 quanta
1502 2094 1603 2129 clades
1612 2095 1718 2129 futura
1726 2095 1764 2130 fit
1774 2124 1781 2132 .
1792 2096 1867 2131 Hoc
1877 2097 1983 2134 voluit

403 2154 580 2201 exprimere
589 2148 752 2197 Propheta
761 2147 808 2179 his
817 2145 921 2179 verbis
929 2172 942 2186 ,
952 2145 1043 2179 Tollet
1051 2155 1230 2192 cumpatrum
1238 2147 1298 2178 eius
1305 2170 1317 2184 ,
1326 2143 1388 2177 hoc
1398 2143 1454 2184 est,
1465 2155 1716 2189 vnumquenque
1724 2156 1760 2178 ex
1769 2147 1906 2180 mortuis
1916 2147 1985 2181 tol-

403 2201 448 2235 let
456 2211 586 2249 patruus
594 2196 767 2232 suussolet
776 2194 1172 2240 autem‚quemadmodum
1183 2193 1266 2233 dixi,
1278 2192 1340 2225 hoc
1349 2191 1548 2233 officium,vt
1556 2191 1600 2225 est
1608 2192 1735 2234 seruile,
1744 2195 1888 2227 mandari
1896 2207 1982 2228 mer-

403 2251 537 2283 cenariis
555 2245 740 2281 hominibus
751 2272 758 2282 .
785 2242 852 2278 Vbi
865 2252 972 2277 autem
990 2243 1116 2289 cogitur
1136 2252 1224 2288 pater
1233 2266 1244 2280 ,
1261 2240 1312 2274 vel
1331 2252 1461 2287 patruus
1479 2239 1634 2288 suscipere
1650 2251 1753 2288 partes
1771 2241 1843 2275 istas
1850 2269 1861 2283 ,
1870 2244 1980 2284 omnia

401 2298 474 2332 sunt
480 2295 622 2332 confusa.
643 2296 749 2331 Veniet
759 2302 957 2340 ergopatruus
965 2317 977 2331 ‚
986 2303 1022 2329 (5-
1031 2290 1106 2324 tollet
1113 2300 1250 2330 eumsww
1260 2315 1270 2329 ‚
1284 2301 1339 2336 per
1349 2299 1376 2324 w
1386 2287 1540 2336 signifieat
1552 2288 1742 2323 comburere
1752 2302 1759 2322 :
1769 2290 1823 2324 hic
1831 2290 1981 2326 scribitur

404 2359 461 2396 per
471 2344 641 2380 0.Sedsatis
649 2353 726 2375 nota
734 2340 776 2375 est
789 2337 984 2388 permutatio
992 2339 1091 2372 litera:
1102 2348 1129 2374 w
1142 2351 1214 2372 cum
1222 2348 1241 2371 ο
1252 2361 1258 2369 .
1271 2337 1371 2372 Multi
1381 2338 1477 2385 igitur
1486 2338 1645 2384 accipiunt
1655 2363 1665 2378 ‚
1684 2343 1726 2370 Et
1736 2337 1934 2374 combureteum
1941 2339 1984 2374 ad

404 2393 552 2431 tollendum
562 2391 611 2437 oſjst
621 2394 680 2426 eius
690 2418 697 2425 .
718 2390 828 2434 Atque
838 2388 1137 2435 haecinterpretatio
1145 2388 1274 2420 videtur
1283 2385 1395 2419 melius
1414 2387 1568 2432 quadrare
1580 2410 1587 2419 .
1606 2384 1851 2434 comburetigitur
1859 2401 1918 2422 eum
1927 2415 1936 2429 ‚
1946 2400 1980 2422 νε

406 2444 458 2490 offic
468 2442 543 2477 domo
553 2449 689 2488 exportet.
709 2436 861 2471 Solebant
877 2433 984 2470 efferri
1001 2435 1129 2477 funera,
1139 2438 1171 2468 &
1180 2434 1327 2468 comburi
1340 2436 1372 2468 in
1384 2434 1514 2482 publico
1524 2459 1533 2475 ‚
1543 2434 1817 2481 quemadmodum
1833 2435 1905 2469 saris
1916 2449 1981 2470 no-

406 2505 477 2528 tum
486 2490 530 2525 est
539 2516 546 2523 .
565 2488 632 2522 Iam
640 2487 715 2533 quia
725 2497 793 2518 non
803 2483 964 2518 sufficeret
973 2484 1074 2518 homo
1085 2496 1165 2517 vnus
1173 2485 1213 2516 ad
1229 2484 1388 2530 portanda
1399 2483 1552 2516 cadauera
1561 2508 1570 2524 ,
1582 2481 1756 2530 praesertim
1764 2482 1865 2517 homo
1873 2485 1980 2527 senex,

406 2551 442 2577 vt
456 2540 603 2574 nominat
618 2536 721 2569 Amos
735 2542 884 2581 patruum
896 2558 907 2572 ,
923 2533 1003 2565 dicit
1011 2531 1104 2564 aliam
1120 2533 1281 2565 rationem
1298 2529 1368 2564 fore
1383 2528 1584 2564 necessariam
1592 2556 1604 2571 ‚
1614 2540 1648 2563 vt
1666 2529 1785 2566 scilicet
1794 2542 1925 2579 patruus
1940 2530 1982 2566 i1-‘

406 2591 435 2625 le
446 2587 615 2624 comburat
622 2587 694 2618 suos
703 2592 837 2631 nepotes
853 2581 964 2620 domi,
975 2590 1010 2612 vt
1020 2579 1144 2614 tantum
1154 2577 1219 2612 offa
1228 2588 1374 2627 exportet
1385 2580 1475 2623 ,quia
1486 2591 1553 2613 non
1568 2576 1672 2626 posset
1680 2579 1803 2613 trahere
1813 2583 1979 2617 cadauera.

407 2639 549 2673 Videtur
556 2634 635 2668 mihi
649 2632 700 2666 hic
709 2631 867 2679 genuinus
875 2628 934 2663 effe
951 2628 1054 2661 sensus
1065 2626 1237 2675 Propheta:
1250 2655 1257 2662 .
1276 2627 1363 2660 Nam
1373 2628 1476 2673 quide
1493 2627 1655 2660 auunculo
1664 2639 1829 2675 exponunt
1839 2656 1849 2669 ‚
1860 2625 1981 2664 nullam

406 2686 526 2720 habent
535 2684 694 2717 rationem
703 2707 710 2714 .
721 2679 800 2714 Satis
809 2677 871 2712 fuit
883 2680 914 2710 in
925 2676 1187 2712 tantaliominum
1197 2678 1355 2723 paucitate
1366 2687 1463 2709 vnum
1473 2677 1624 2709 duntaxat
1634 2678 1713 2722 poni
1725 2704 1732 2711 .
1742 2677 1830 2710 Nam
1841 2677 1861 2710 fi
1879 2679 1980 2713 adda-

407 2746 459 2769 tur
466 2731 642 2767 auunculus
651 2740 767 2778 patruo
778 2753 789 2768 ,
800 2726 964 2762 videbitur
971 2725 1074 2759 adhuc
1090 2723 1243 2772 superesse
1250 2724 1356 2769 aliqua
1365 2724 1534 2757 hominum
1543 2724 1636 2770 copia
1646 2750 1652 2756 .
1663 2722 1694 2756 Si
1704 2734 1810 2758 autem
1818 2726 1911 2759 solius
1923 2720 1983 2775 pa:

407 2784 474 2818 trui
484 2780 541 2814 fiat
547 2776 807 2826 menti0,0ptime
816 2775 989 2809 conueniet
997 2775 1086 2819 quod
1098 2774 1174 2807 dixi.
1189 2776 1296 2809 Veniet
1302 2772 1503 2820 patmus-,tollet
1514 2784 1581 2806 eum.
1594 2772 1736 2813 Deinde,
1748 2774 1915 2808 &mmmm
1917 2787 1928 2808 t
1937 2770 1983 2820 ost:

399 2833 436 2879 fit
446 2840 568 2877 exportet
578 2855 586 2862 .
597 2826 752 2860 Poterant
761 2835 867 2859 autem
878 2822 1000 2858 facilius
1010 2819 1115 2855 efferri
1123 2819 1188 2855 offa
1196 2820 1265 2869 post
1275 2821 1408 2855 cadauer
1424 2819 1566 2853 exustum
1576 2832 1583 2853 z
1595 2822 1670 2866 quia
1679 2832 1744 2854 non
1752 2833 1818 2856 erat
1835 2832 1898 2855 tam
1907 2835 1980 2870 gra-

410 2893 450 2916 ue
459 2877 653 2912 onus.Nunc
666 2886 742 2922 ergo
751 2884 894 2907 tenemus
905 2870 1079 2904 verborum
1088 2869 1223 2905 sensum.
1236 2869 1441 2914 Sequitu1·.Et
1448 2867 1521 2902 dicet
1529 2866 1632 2902 adeum
1641 2872 1690 2916 qui
1696 2872 1782 2904 eritin
1790 2870 1920 2904 lareribus
1927 2870 1978 2905 do-

409 2921 469 2965 'mus
479 2953 487 2960 .
497 2925 558 2959 Per
567 2923 661 2957 latera
674 2925 790 2956 domus
799 2920 941 2967 intellige
951 2919 1101 2952 viciniam
1111 2944 1118 2951 .
1131 2918 1277 2964 Inquiret
1286 2916 1394 2964 postea
1403 2942 1412 2958 ,
1425 2918 1516 2950 Effne
1532 2915 1728 2964 adhuc.1liqm's
1738 2920 1838 2952 tecam?
1847 2919 1910 2953 hoc
1919 2919 1975 2962 est,

408 2967 587 3024 superestne
603 2971 716 3016 aliquis
732 2982 768 3003 ex
785 2969 846 3002 tuis
855 2967 988 3001 vicinis?
1005 2966 1090 2998 Nam
1101 2966 1199 3000 latera
1209 2966 1325 2999 domus
1339 2977 1407 2998 non
1417 2962 1580 3012 postumus
1596 2961 1982 3016 interpretarideangulie'

408 3021 617 3066 interioribus
625 3045 634 3062 ‚
644 3018 698 3052 nili
709 3014 794 3051 forte
805 3016 958 3063 quispiam
968 3016 1007 3048 de
1016 3016 1171 3047 extraneis
1180 3039 1190 3054 ‚
1203 3013 1253 3047 vel
1269 3013 1435 3058 inquilinis
1443 3013 1575 3060 accipiat
1586 3025 1593 3046 :
1603 3012 1688 3058 quasi
1697 3015 1818 3048 diceret
1830 3013 1978 3063 Prophe-

406 3071 547 3117 ta,s1quis
556 3066 937 3115 etitinquilinus,quaeret
944 3060 1094 3099 secessum
1103 3064 1137 3095 in
1143 3062 1252 3109 aliquo
1262 3061 1378 3110 angulo
1386 3059 1652 3098 domus.Patruus
1661 3063 1810 3112 ergo,vbi
1818 3063 1983 3098 excesserit:

1906 3123 1977 3151 t0[a
