2045 3466
361 106 413 150 353
946 91 1013 127 IN
1059 87 1276 122 IONAM

361 175 415 210 ber
427 176 482 209 crit
497 171 596 205 statim
605 167 643 203 ab
650 166 830 202 omnimetu
841 165 928 212 :quia
936 163 1073 211 quandiu
1083 162 1223 210 respiciet
1232 170 1356 210 peccata
1366 161 1415 195 sua
1426 186 1435 201 ‚
1444 160 1691 208 &implicabitur
1709 159 1800 193 etiam
1810 159 1873 192 aliis
1886 171 1940 193 co-

365 216 769 271 gitationibus,vacillabit,
786 214 999 249 flu&uabitur.
1029 213 1109 245 Non
1125 211 1257 245 dubium
1274 213 1366 258 igitur
1385 209 1428 243 est
1445 212 1521 255 quin
1535 223 1586 244 rex
1604 211 1740 243 Nineuae
1763 210 1944 254 conceperit

366 272 451 318 spem
471 269 585 302 salutis:
596 267 643 300 sed
658 268 774 299 interea
790 264 891 298 adhuc
905 262 1052 308 perplexo
1068 259 1161 293 fucrit
1170 261 1295 300 animo,
1307 270 1370 293 tam
1387 269 1516 304 propter
1531 260 1716 292 concionem
1736 256 1945 302 lonae‚qu?2m

367 329 495 367 propter
511 316 732 350 conscientiam
746 312 891 346 scelerum
907 310 1043 344 suorum.
1060 309 1140 342 Duo
1156 309 1249 355 igitur
1264 307 1390 340 fuerunt
1406 306 1563 339 obstacula
1576 332 1586 346 ‚
1597 319 1665 350 quae
1679 303 1800 352 possent
1815 316 1946 338 reuoca-

368 380 401 401 re
416 368 553 400 animum
571 365 668 410 Regis
684 361 703 397 ὲ
719 361 924 398 certitudine,
936 358 985 392 vel
1000 357 1104 390 saltem
1120 357 1235 390 morari
1253 368 1290 389 ne
1313 353 1415 389 subito
1429 355 1674 401 apprehenderet
1693 354 1756 387 Dei
1772 353 1949 387 misericor-

368 416 450 449 diam
464 440 473 455 ,
484 418 512 448 ἀ
526 413 647 460 placato
663 412 771 444 animo
787 408 910 442 sentiret
923 407 1027 441 Deum
1047 405 1102 438 sibi
1119 402 1177 438 effe
1188 404 1375 451 propitium.
1392 402 1481 436 Prius
1495 401 1688 436 obstaculum
1706 400 1821 434 fuitilla
1835 400 1950 436 formi-

369 463 481 497 dabilis
498 463 629 501 concio,
643 460 770 493 Nineue
789 456 856 503 post
869 455 1069 501 quadraginta
1091 454 1153 487 dies
1168 451 1297 497 peribit.
1318 452 1403 484 Nam
1421 452 1548 496 quanuis
1569 450 1662 483 Ionas
1676 454 1813 496 potuerit
1828 449 1950 496 aliquid

368 513 481 546 addere
491 537 500 552 ,
511 508 779 555 quemadmodum
793 505 926 538 diximus
935 528 946 543 ,
955 513 1058 535 tamen
1074 502 1195 548 praecisa
1205 512 1269 533 erat
1285 500 1332 533 illa
1341 501 1546 533 comminatio
1557 525 1566 540 ‚
1575 510 1643 544 quae
1653 495 1754 545 posset
1768 499 1899 533 deiicere
1909 511 1949 533 0-

368 561 490 593 mnium
498 560 618 592 animos
629 583 636 591 .
655 556 811 602 Oportuit
825 554 917 600 igitur
928 553 1047 597 Regem
1060 550 1215 590 lu&ari‚vt
1224 546 1323 595 posset
1337 547 1394 581 tale
1404 546 1598 581 obstaculum
1610 546 1751 593 superare
1760 571 1770 586 ,
1778 550 1808 579 ἃ
1817 547 1952 593 repelle-

367 622 400 643 re
410 609 484 641 illud
496 607 582 641 lonae
591 605 950 652 praeconium,quatenus
960 599 1070 632 scilicet
1082 597 1203 631 carebat
1213 595 1532 630 omniconsolatione.
1545 596 1670 628 Deinde
1682 595 1750 628 Rex
1760 594 1843 629 haud
1851 595 1950 630 dubie

367 668 465 702 quum
475 655 663 702 expenderet
678 652 731 686 sua
745 660 871 698 peccata
887 649 991 695 potuit
1007 647 1148 681 vacillare
1165 645 1402 692 aliquantisper.
1417 643 1477 677 Sed
1487 653 1591 676 tamen
1608 643 1750 677 videmus
1758 653 1793 678 vt
1808 655 1950 691 emerge..

366 717 399 738 rc
409 715 542 738 conetur
552 727 563 741 ,
573 699 690 735 etiarnsi
703 700 768 733 haee
781 699 844 732 duo
857 695 1012 731 obstacula
1028 706 1098 729 ante
1112 694 1222 728 oculos
1233 692 1345 728 habeat
1355 692 1445 738 :quia
1454 691 1508 726 vbi
1519 692 1615 731 dicit,
1627 690 1765 741 thscit
1778 704 1815 725 an
1830 692 1951 738 Deras}

368 762 508 786 comcertet
523 748 688 792 Afurmirae
698 748 771 793 fine,
782 759 819 785 (φ
830 747 1000 794 poenitentia
1012 742 1145 785 ducetur}
1160 754 1255 787 quum
1265 753 1340 787 ergo
1349 742 1393 773 ita
1408 740 1547 785 loquitur
1560 741 1629 773 Rex
1640 767 1649 781 ‚
1663 740 1805 774 videmus
1821 753 1892 774 eum
1905 741 1952 775 es-

367 800 396 834 se
407 813 438 832 in
449 799 567 832 strenua
581 799 674 831 lucta:
685 799 757 842 quia
767 804 922 838 vtcunque
941 792 1019 826 visus
1034 790 1126 825 fuerit
1139 794 1261 825 ianuam
1273 788 1461 836 praecludere
1479 788 1572 821 Ionas
1582 814 1591 828 ,
1601 791 1633 821 ὃς
1647 787 1815 833 prohibere
1828 790 1951 836 Regem

367 848 387 883 al
400 850 451 895 spe
466 847 567 881 salutis
576 871 586 887 ‚
596 855 752 890 vtcunque
761 844 853 877 etiam
870 843 995 888 propria
1010 839 1098 873 illum
1108 838 1297 873 conscientia
1314 837 1532 872 deuinaum&
1543 835 1722 883 oppressum
1738 846 1857 872 teneret
1866 865 1875 878 ‚
1887 838 1953 886 ipse

368 907 472 931 tamen
482 896 624 942 pergit‚&
635 893 761 939 seipsum
770 889 931 924 extimulat
940 900 947 921 :
956 889 1089 932 denique
1098 887 1207 935 aspirat
1216 887 1255 920 ad
1262 890 1346 933 spem
1360 886 1472 919 veniae.
1486 885 1614 918 Deinde
1621 886 1714 918 etiam
1724 887 1898 920 notandum
1908 886 1953 921 est

321 946 323 948 ’
366 945 501 979 formam
512 944 591 977 hanc
602 941 754 988 loquendi
763 940 868 985 potius
876 946 983 971 notare
991 934 1220 976 difficultatem,
1231 934 1325 980 quam
1335 930 1544 967 diffidentiam
1555 959 1563 967 .
1575 933 1646 967 Rex
1655 945 1730 980 ergo
1738 933 1791 967 hie
1799 934 1883 980 quasi
1892 936 1958 970 du-

318 1913 355 1935 10

367 992 503 1028 bitanter
512 994 623 1038 quaerit
633 990 731 1033 ,Qis
745 988 799 1021 scit
808 999 845 1020 an
855 988 942 1020 Deus
951 984 1009 1018 sese
1018 993 1181 1018 conuertet
1191 984 1283 1028 ?quia
1298 994 1344 1015 res
1352 991 1416 1015 erat
1430 980 1568 1015 difficilis
1578 1010 1587 1024 ,
1595 991 1628 1014 vt
1639 982 1727 1016 Deus
1737 982 1806 1028 post
1822 983 1955 1030 longam

367 1041 563 1077 tolerantiam
575 1039 645 1073 vrbi
658 1038 809 1071 scelerarae
821 1043 970 1083 parceret.
979 1033 1124 1079 exprimit
1132 1044 1207 1080 ergo
1218 1032 1286 1065 Rex
1295 1028 1510 1064 difficultatem
1520 1042 1601 1064 :non
1610 1040 1713 1064 autern
1729 1030 1791 1065 hoc
1804 1029 1954 1066 diffiden-

367 1093 419 1124 tiae
429 1089 546 1137 signum
555 1087 687 1130 est,dum
696 1096 738 1119 ita
747 1085 927 1130 interrogat:
937 1082 1204 1128 quemadmodum
1216 1092 1315 1126 quum
1325 1079 1409 1125 apud
1421 1078 1536 1112 loelem
1545 1080 1673 1119 dicitur,
1684 1079 1775 1121 Qis.
1784 1080 1907 1114 scit?est
1916 1079 1957 1114 fi-

367 1139 448 1173 milis
457 1138 578 1184 prorsus
587 1135 707 1170 locutio
716 1147 724 1168 :
733 1144 806 1167 tune
817 1132 905 1179 plura
916 1131 1049 1164 diximus
1057 1141 1156 1175 quum
1166 1139 1387 1175 exponeremus
1394 1127 1499 1160 locum
1511 1127 1606 1161 illum.
1615 1127 1666 1161 sed
1675 1126 1806 1162 sufficiat
1815 1128 1878 1163 hoc
1885 1128 1960 1164 bre-

368 1190 450 1222 uitet
459 1197 564 1220 tenere
573 1210 583 1226 ,
592 1185 714 1230 Regem
730 1181 783 1215 hic
793 1192 859 1214 non
876 1180 1010 1226 prodere
1028 1178 1112 1211 suam
1123 1176 1331 1211 diffidentiam
1342 1201 1351 1216 ,
1363 1174 1412 1209 sed
1427 1177 1533 1222 potius
1541 1176 1714 1222 exprimere
1728 1174 1961 1212 difficultatem,

369 1237 412 1271 Et
427 1235 489 1270 hoc
506 1234 689 1267 humilitatis
705 1230 823 1277 signum
843 1227 885 1262 est
899 1254 907 1268 ,
918 1227 1006 1273 quod
1025 1226 1172 1272 intelligit
1188 1225 1216 1259 se
1231 1224 1315 1270 quasi
1331 1222 1418 1257 fuisse
1430 1225 1603 1258 demersum
1619 1224 1652 1257 in
1666 1222 1834 1271 profundis
1850 1224 1959 1262 inferis

369 1296 442 1319 eum
451 1281 571 1330 populo
582 1306 590 1321 ‚
602 1285 633 1314 &
643 1290 746 1312 tamen
758 1289 823 1311 non
839 1275 951 1309 definit
959 1275 1039 1309 bene
1049 1274 1166 1320 sperare
1175 1300 1182 1307 .
1194 1273 1335 1306 namhoc
1353 1272 1415 1318 spei
1433 1271 1551 1319 signum
1563 1271 1605 1305 est
1616 1298 1626 1313 ,
1635 1271 1753 1306 etiamfi
1767 1273 1829 1307 hoc
1841 1284 1961 1322 pugnet

369 1344 441 1367 cum
452 1342 518 1365 tota
528 1340 650 1368 natura,
658 1325 777 1360 etiamsi
786 1324 951 1358 abhorreat
960 1323 999 1357 ab
1014 1324 1151 1356 humana
1160 1323 1280 1356 ratione
1291 1348 1299 1362 ,
1309 1331 1412 1354 tamen
1431 1319 1511 1354 bene
1529 1321 1714 1367 sperandum
1723 1320 1793 1356 esse.
1804 1322 1960 1358 Videmus

369 1392 446 1429 ergo
458 1390 527 1426 quis
535 1378 570 1411 fit
579 1376 748 1411 verborum
758 1373 870 1408 sensus·
884 1374 936 1406 De
947 1372 1128 1418 poenitentia
1139 1371 1206 1404 Dei
1215 1369 1287 1403 ahbi
1302 1369 1470 1402 dicendum
1480 1370 1536 1402 erit
1545 1392 1556 1408 ‚
1565 1369 1627 1402 hoc
1636 1368 1691 1411 est,
1701 1369 1754 1404 die
1764 1370 1899 1406 crastino
1909 1371 1962 1408 vel

370 1429 525 1476 perendie·
574 1433 623 1461 Ne
634 1435 791 1471 pereamus,
801 1422 921 1465 inquit.
932 1422 959 1454 V
966 1421 1085 1452 idemus
1092 1419 1260 1463 quomodo
1269 1418 1338 1450 Rex
1354 1415 1502 1464 profanus
1508 1417 1548 1450 ab
1563 1418 1690 1452 interitu
1705 1417 1733 1452 se
1742 1419 1897 1454 redimere
1904 1433 1964 1455 eo..

371 1481 460 1524 gitet,
470 1486 582 1521 nempe
595 1473 668 1507 Deo
677 1472 814 1518 placato.
834 1470 921 1515 Ergo
934 1467 1057 1501 simulac
1066 1466 1193 1511 periculi
1203 1466 1321 1512 aliquid
1335 1464 1429 1499 nobis
1445 1466 1624 1512 impendet,
1634 1465 1737 1500 veniat
1746 1466 1838 1501 nobis
1854 1467 1918 1503 hoe
1928 1470 1963 1504 in

370 1535 511 1559 mentem
528 1534 594 1555 non
607 1518 833 1567 poss'einueniri
843 1527 960 1550 exitum
972 1542 981 1556 ,
993 1514 1047 1548 nisi
1065 1514 1227 1547 Dominus
1242 1526 1298 1547 nos
1309 1515 1340 1547 in
1351 1514 1479 1560 gratiam
1490 1514 1618 1560 recipiat
1627 1515 1917 1559 ‚quemadmodum
1926 1530 1964 1552 e-

370 1578 444 1608 tiam
455 1585 490 1606 ex
501 1568 650 1618 oppofito
657 1568 862 1601 ratiocinatur
869 1577 920 1598 rex
930 1564 1066 1597 Nmeuae
1076 1588 1085 1605 ‚
1095 1562 1219 1596 simulac
1229 1563 1385 1609 propitius
1396 1559 1489 1596 fuerit
1500 1561 1589 1595 Deus
1598 1563 1722 1603 ‚omnia
1738 1562 1818 1597 bene
1833 1563 1962 1600 habitu-

369 1634 412 1655 ra.
431 1622 582 1652 Videmus
589 1627 664 1662 ergo
674 1624 828 1660 quantum
842 1611 1011 1660 profecerit
1025 1612 1074 1644 hic
1084 1623 1186 1644 nouus
1196 1614 1225 1644 &
1236 1613 1318 1644 rudis
1326 1621 1399 1656 tyro
1408 1634 1417 1648 ,
1426 1610 1502 1643 dum
1515 1610 1662 1656 intelligit
1669 1622 1736 1644 non
1752 1610 1840 1658 poss'e
1851 1611 1964 1648 homi-

371 1679 425 1703 nes
441 1664 575 1712 effugere
589 1676 626 1697 ex
646 1662 791 1702 miseriis,
811 1662 914 1694 donec
930 1658 1069 1706 placatus
1084 1658 1141 1692 illis
1156 1659 1248 1693 fuerit
1265 1660 1370 1692 Deus:
1390 1656 1442 1691 vbi
1450 1668 1555 1691 autem
1573 1669 1646 1692 cum
1662 1658 1719 1692 illo
1737 1661 1887 1696 redierint
1899 1655 1967 1697 hoss

371 1718 470 1751 mines
482 1717 516 1748 in
528 1713 658 1761 gratiam
671 1737 680 1751 ‚
690 1708 807 1744 etiamsi
824 1708 939 1742 centies
954 1708 1035 1755 prius
1051 1707 1110 1741 illis
1129 1708 1325 1754 pereundum
1347 1705 1442 1740 fuerit
1453 1732 1462 1748 ,
1477 1716 1580 1739 tamen
1595 1706 1663 1741 fore
1678 1707 1777 1741 saluos
1790 1711 1823 1741 δι
1837 1709 1962 1745 ineolu-

370 1777 436 1799 mes
444 1777 452 1798 :
461 1763 533 1809 quia
541 1761 652 1796 scilicet
666 1760 762 1806 gratia
770 1761 800 1792 δι
809 1756 899 1792 fauor
908 1756 975 1790 Dei
992 1755 1063 1790 fons
1077 1754 1112 1790 stt
1126 1755 1245 1796 salutis,
1253 1759 1283 1789 ἀ
1293 1756 1365 1790 vitae
1373 1780 1384 1797 ‚
1392 1757 1424 1788 &
1439 1755 1584 1789 omnium
1602 1754 1777 1790 bonorum.
1795 1755 1908 1793 Postea
1915 1758 1963 1794 se-

370 1823 478 1859 quitur
488 1836 497 1852 ,

438 1885 485 1924 Et
500 1875 606 1925 vidit
616 1882 722 1920 Deus
730 1891 853 1939 opera
861 1867 1136 1936 eomm‚quod
1147 1865 1330 1916 conuerfi
1339 1865 1462 1914 essent
1477 1865 1501 1913 ὲ
1514 1866 1578 1925 wia
1593 1868 1658 1913 sua
1673 1868 1776 1915 mala
1787 1904 1798 1923 ,
1810 1876 1854 1916 δε
1869 1869 1964 1936 Ροεὶ

371 1948 491 1995 nituit
510 1953 643 1992 Deum
664 1944 778 2009 super
791 1940 903 1988 malo
918 1976 930 1994 ‚
944 1937 1062 2007 quod
1076 1938 1410 2004 pronuntiauerat
1427 1934 1464 1982 se
1478 1932 1682 1984 facturum
1699 1937 1775 1984 illis
1788 1975 1802 1995 ‚
1817 1947 1861 1986 ὃς
1872 1957 1962 1988 non

373 2017 478 2064 fcc1t.

446 2085 543 2118 Nunc
552 2081 628 2116 dicit
642 2079 736 2113 Ionas
745 2078 913 2112 Nineuitas
923 2077 1053 2123 adeptos
1070 2071 1158 2109 fuisse
1166 2074 1289 2109 veniam
1306 2074 1356 2108 sua
1365 2073 1564 2121 poenitentia.
1597 2073 1672 2108 Hoc
1679 2074 1772 2108 etiam
1782 2075 1962 2124 exemplum

369 2145 481 2169 notatu
490 2133 619 2178 dignum
628 2128 671 2162 est
681 2141 688 2162 z
700 2129 771 2173 quia
781 2128 855 2160 hine
863 2126 1038 2172 colligimus
1046 2123 1195 2170 quorsum
1206 2135 1263 2157 nos
1276 2123 1364 2157 Deus
1379 2122 1524 2168 quotidie
1533 2122 1573 2155 ad
1590 2123 1806 2169 poenitentiam
1817 2123 1963 2171 solicitet,

370 2195 482 2229 nempe
498 2181 571 2226 quia
581 2178 646 2212 vult
655 2176 746 2210 nobis
753 2174 959 2215 reconciliari,
969 2177 1000 2207 δε
1010 2185 1067 2206 nos
1074 2171 1132 2206 fibi
1143 2197 1151 2204 .
1162 2172 1239 2206 Haee
1249 2173 1342 2219 igitur
1350 2172 1431 2204 ratio
1441 2170 1483 2204 est
1494 2182 1548 2204 cur
1557 2180 1605 2204 tot
1613 2170 1849 2218 obiurgationes
1857 2176 1888 2208 δι
1898 2175 1963 2208 mi-

369 2243 417 2265 nae
429 2229 593 2277 personent
609 2228 642 2259 in
655 2223 780 2259 auribus
796 2222 908 2257 nostris
921 2224 1043 2268 quoties
1059 2221 1233 2255 accedimus
1247 2222 1286 2254 ad
1294 2219 1486 2253 audiendum
1505 2218 1634 2253 verbum
1653 2221 1715 2254 Dei
1726 2232 1734 2253 :
1745 2232 1859 2269 nempe
1867 2223 1963 2269 ,quia

371 2280 435 2314 vult
448 2279 534 2312 Deus
544 2287 601 2309 nos
608 2274 646 2307 ab
655 2275 750 2307 exitio
759 2283 919 2310 reuocare,
928 2272 1043 2304 duriter
1054 2268 1216 2303 nobiscum
1224 2269 1365 2315 loquitur
1372 2290 1380 2300 .
1397 2267 1544 2313 Denique
1557 2268 1713 2314 quicquid
1722 2271 1862 2304 eontinet
1877 2270 1964 2306 Scri-

369 2338 459 2375 ptura
469 2327 507 2360 de
525 2324 746 2371 poenitentia&
755 2321 874 2354 iudicio
882 2321 962 2358 Dei,
971 2319 1032 2352 hoc
1040 2327 1142 2351 toturn
1153 2316 1246 2351 debet
1256 2319 1289 2350 in
1304 2316 1386 2351 hunc
1396 2314 1482 2349 vsum
1498 2318 1612 2363 aptari,
1622 2326 1655 2350 vt
1669 2316 1784 2352 scilicet
1799 2319 1964 2355 redeamus

369 2388 441 2411 cum
451 2374 517 2422 ipso
526 2375 557 2406 in
565 2371 783 2420 gratiam,quia
795 2367 952 2415 placabilis
963 2366 997 2400 fit
1008 2370 1037 2400 ἀ
1047 2376 1170 2413 paratus
1185 2365 1304 2412 semper
1316 2363 1460 2412 amplecti
1469 2376 1532 2407 eos,
1540 2363 1666 2409 quisine
1675 2365 1800 2400 fiffione
1807 2367 1848 2400 ad
1857 2368 1961 2414 ipsum

369 2424 398 2458 se
406 2431 606 2458 conuertent.
624 2419 710 2464 Ergo
721 2430 751 2450 in
766 2417 827 2450 hoc
835 2415 979 2462 exemplo
993 2415 1196 2461 intelligimus
1206 2426 1271 2448 non
1285 2413 1346 2447 alio
1356 2414 1461 2447 Deum
1472 2411 1602 2460 spectate
1619 2414 1743 2459 quoties
1755 2413 1887 2463 asperius
1901 2428 1963 2452 nos

367 2467 608 2518 compellat,nifi
620 2478 652 2501 vt
663 2465 819 2514 placabilis
830 2463 864 2497 sit
873 2464 965 2499 nobis
973 2490 983 2506 ,
993 2463 1014 2497 fi
1030 2463 1130 2498 modo
1138 2464 1239 2496 sumus
1249 2461 1304 2508 ipsi
1315 2462 1411 2496 nostri
1420 2462 1550 2502 iudices,
1558 2472 1650 2508 atque
1658 2462 1702 2495 ita
1711 2465 1919 2510 praeuenimus
1925 2477 1961 2500 e·-

368 2523 416 2555 ius
431 2523 508 2554 iram
523 2516 703 2552 voluntario
715 2514 820 2549 cordis
835 2510 944 2547 affeetu
954 2538 963 2554 ,
975 2511 1029 2547 vbi
1044 2511 1158 2546 scilicet
1166 2522 1286 2545 reatum
1304 2514 1334 2544 &
1350 2510 1474 2557 culpam
1489 2510 1691 2558 deprecamur
1699 2536 1709 2552 ‚
1717 2514 1749 2545 δι
1762 2511 1962 2560 displicemus

367 2569 563 2613 nobis,atque
571 2566 663 2600 etiarn
678 2563 810 2598 fatemur
823 2573 880 2596 nos
888 2561 1001 2608 dignos
1010 2558 1069 2594 effe
1078 2561 1215 2594 interitu.
1226 2558 1525 2598 Caeterum,videtur
1535 2568 1637 2592 tamen
1649 2558 1741 2593 Ionas
1749 2558 1878 2595 statuere
1887 2573 1961 2597 eau-

368 2621 432 2652 sam
442 2616 544 2651 salutis
560 2617 593 2648 in
605 2612 789 2661 poenitentia
806 2613 837 2644 ἀ
846 2608 993 2658 operibus
1001 2634 1009 2642 .
1025 2609 1103 2642 dicit
1112 2609 1196 2641 enim
1210 2608 1379 2642 Nineuitas
1390 2606 1520 2653 adeptos
1528 2603 1617 2641 fuisse
1628 2608 1769 2650 veniam,
1782 2610 1856 2655 quia
1867 2609 1959 2645 Deus

368 2665 535 2713 respexerit
544 2674 638 2711 opera
648 2660 786 2708 ipsorum
797 2685 806 2694 .
828 2655 940 2693 Primo
949 2658 1122 2691 videndum
1132 2655 1175 2690 est
1190 2668 1333 2702 quaenam
1343 2666 1439 2702 opera
1448 2654 1598 2703 intelligat
1608 2682 1618 2697 ,
1630 2668 1669 2689 ne
1677 2659 1747 2702 quis
1754 2666 1870 2693 temere
1879 2659 1960 2693 arri.

367 2715 432 2761 piat
441 2725 552 2748 vocem
563 2707 942 2755 vnam,qucmadmodum
953 2706 1028 2740 solet
1038 2706 1252 2753 hypocritam&
1262 2704 1323 2738 hoc
1334 2705 1426 2737 nimis
1434 2703 1558 2750 vulgare
1565 2703 1651 2738 estin
1660 2703 1779 2752 Papatu
1788 2731 1798 2748 ‚
1809 2705 1899 2741 sicuti
1907 2706 1960 2742 di-

368 2764 477 2796 ximus.
512 2762 635 2807 Qspexit
650 2765 728 2793 Deus
736 2769 814 2805 opera
827 2755 943 2802 ipfimaem
958 2782 965 2790 .
979 2756 1150 2800 Qaenani?
1162 2766 1227 2787 non
1239 2753 1277 2786 sa<
1287 2765 1356 2786 <uin
1365 2778 1375 2794 ,
1387 2764 1452 2786 non
1467 2753 1603 2786 cinerem
1613 2776 1622 2791 ,
1632 2765 1695 2786 non
1704 2754 1856 2788 ieiunium
1867 2782 1876 2790 .
1885 2765 1960 2790 nam

367 2811 433 2844 haec
441 2822 523 2844 nunc
532 2820 596 2842 non
605 2814 833 2841 commemorat
847 2803 942 2850 lonas
952 2831 962 2845 ,
969 2803 1020 2838 sed
1028 2804 1156 2850 respexit
1164 2813 1259 2849 opera
1269 2801 1394 2835 illorum
1404 2827 1412 2843 ‚
1423 2798 1510 2846 quod
1519 2799 1537 2834 ἃ
1547 2802 1595 2834 via
1609 2800 1659 2835 sua
1674 2801 1754 2835 mala
1762 2802 1903 2837 conuerfi
1912 2802 1960 2839 es·

367 2858 600 2893 senrvrdemus
609 2868 684 2902 crgo
694 2857 801 2889 Deum
813 2865 877 2887 non
887 2849 974 2888 fuisse
983 2851 1136 2899 placatum
1145 2850 1338 2885 caeremoniis
1347 2849 1506 2892 duntaxat,
1514 2849 1577 2882 hoe
1587 2847 1770 2890 est‚externa
1779 2849 1828 2885 illa
1838 2849 1960 2899 profes-

366 2907 450 2941 sione
459 2902 717 2953 poeiiitcntiae‚sed
727 2903 830 2949 potius
839 2900 857 2934 s
854 2899 980 2947 peitassc
990 2911 1094 2936 veram
1105 2901 1136 2932 δε
1147 2898 1252 2933 seriam
1263 2898 1508 2932 mutationemin
1518 2897 1782 2944 Nineuitis,quod
1790 2898 1903 2934 seilicet
1910 2912 1959 2935 re-

366 2958 474 2989 nouati
484 2952 656 2988 effcnt.liaee
664 2953 756 2998 igitur
767 2948 891 2983 fuerunt
899 2960 994 2996 opera
1004 2947 1270 2994 ipsorum,ncmpe
1280 2943 1394 2979 fruetus
1402 2946 1686 2992 poenitentiae-Non
1697 2949 1802 2993 potuit
1811 2947 1880 2983 aute
1889 2947 1958 2983 talis

368 3006 439 3039 x-itae
447 3002 581 3039 mutatio
592 3000 732 3036 accidere
741 3024 752 3042 ,
764 2996 821 3032 nisi
831 2994 902 3032 vere
910 2997 981 3032 rasti
996 2994 1121 3030 fuissent
1136 2995 1221 3030 sensu
1230 2996 1283 3030 irae
1298 2994 1365 3029 Dei
1381 2995 1539 3030 Nineuitae
1550 3018 1558 3032 .
1572 3006 1648 3042 ergo
1655 2997 1751 3030 timor
1759 2995 1822 3032 Dei
1830 2994 1960 3045 praeces.

1921 3043 1960 3081 fit
